3517 5350
831 501 1058 602 wilm„

372 696 457 757 terre
486 704 652 772 possumus
681 704 753 754 cum
782 693 842 755 lroc
871 693 940 755 loco
968 693 1044 756 illud
1066 689 1167 758 Taciti
1187 693 1262 759 hist.
1288 694 1321 780 1,
1345 693 1405 762 15:
1433 696 1515 759 site

371 805 511 883 privatus
533 804 604 879 lege
627 802 756 865 curiata.
769 788 852 880 apud
873 806 1058 888 pontifices„
1072 808 1109 868 ut
1123 805 1219 871 moris
1236 809 1298 889 cst,
1321 807 1513 890 adoptarem,

277 999 281 1007 1
372 921 404 977 41
425 915 498 977 milri
528 915 740 991 egregium
773 920 865 977 erat
888 912 985 978 Gnaei
1006 914 1146 992 Pompeii
1168 918 1201 976 et
1221 913 1268 1007 Μ.
1292 911 1402 980 Crassi
1422 917 1514 980 subn·

299 1087 305 1092 ,
371 1023 614 1102 leminpenatcs
634 1026 974 1090 meosadsciscerc
997 1030 1029 1087 et
1046 1027 1100 1087 tint
1121 1026 1286 1101 insigne
1310 1023 1466 1104 Sulpiciae
1477 1043 1514 1089 ac

371 1133 519 1200 Lutatiae
532 1134 809 1197 deeorauonilitaii
822 1140 895 1198 tuac
916 1135 1134 1212 adjecisse.
1160 1132 1212 1198 Ci.
1231 1137 1323 1198 etiam
1338 1137 1417 1200 Tac.
1441 1151 1511 1213 agr.

373 1244 435 1328 333
458 1235 569 1308 Senes.
588 1243 679 1321 epist.
697 1242 730 1324 5,
753 1243 785 1308 2.
810 1241 892 1309 Sunt
912 1247 964 1324 qui
986 1245 1120 1324 perire
1138 1247 1333 1312 scribendum
1353 1250 1511 1311 censeant.

370 1354 434 1420 Sed
462 1355 632 1417 infinitivus
658 1349 790 1431 persenti
817 1369 909 1433 quam
938 1361 1023 1420 recte
1051 1355 1202 1419 hocloco
1224 1361 1379 1440 ponatur,
1409 1358 1512 1421 statim

372 1465 605 1528 demonstratio.
650 1462 740 1541 Apud
768 1466 868 1526 donae
898 1468 1008 1529 aetatis
1038 1468 1206 1543 scriptores
1227 1483 1345 1544 prosae
1362 1468 1512 1532 orationis

347 1646 348 1649 ¹
371 1575 547 1652 perlectum
560 1573 705 1637 inlinitivi
718 1590 845 1653 semper
858 1576 1014 1652 signiticai
1028 1577 1232 1639 actionem
1249 1577 1328 1640 lini
1337 1581 1376 1639 ta
1385 1591 1435 1660 m,
1457 1576 1510 1639 sed

371 1698 597 1763 saepenumero
623 1690 695 1761 post
714 1700 751 1746 ca
772 1688 887 1764 veria,
921 1693 1001 1764 ’4444
1021 1687 1209 1750 intinitivum
1238 1687 1437 1769 adsciscunt,
1466 1686 1510 1748 iia

372 1795 518 1877 ponitur,
548 1799 584 1856 ut
604 1794 631 1856 si
658 1793 758 1871 ipsam
788 1811 855 1859 rem
875 1797 1076 1878 consideres,
1106 1795 1279 1873 perlectum
1302 1813 1341 1860 an
1364 1811 1512 1874 praesens

369 1904 518 1967 intinitivi
545 1905 728 1968 adhibentur
755 1905 829 1967 nilril
850 1907 981 1997 reierat.
1028 1903 1080 1969 dr.
1104 1904 1186 1984 Nep.
1211 1905 1358 1985 114449,
1383 1907 1415 1970 2.
1437 1905 1512 1970 Liv.

371 2013 425 2097 37,
450 2012 508 2077 tn:
533 2015 960 2092 possumusperiecisse.
1006 1997 1344 2100 Ρ1441.Α4141.5,5,
1366 2014 1423 2081 iti:
1447 1995 1512 2080 uon

370 2128 460 2203 potes
483 2125 683 2200 probasse
705 2123 762 2189 has
781 2140 897 2202 nugas.
943 2123 1079 2189 Omnino
1102 2145 1139 2190 ea
1161 2130 1257 2191 verba
1276 2128 1511 2204 locutionesque

349 2236 544 2318 ¹perfectum
565 2234 706 2297 inlinitivi
729 2236 906 2318 admittunt,
931 2237 1042 2314 441143
1060 2239 1211 2314 judicium
1235 2237 1414 2302 universum
1436 2253 1510 2300 cnu-

369 2346 500 2409 tinetur.
540 2334 694 2408 Attamen
722 2361 774 2407 res
803 2360 884 2422 quae
913 2347 1108 2421 significatur
1138 2349 1291 2425 ejusmodi
1316 2362 1386 2436 esse
1408 2347 1512 2427 dehet,

370 2461 405 2518 nt
427 2454 465 2516 dc
486 2455 609 2517 actione
631 2456 769 2532 perlecta
791 2457 924 2531 cogitari
946 2463 1051 2534 queat.
1077 2453 1128 2521 ct.
1151 2457 1222 2522 Liv.
1248 2457 1282 2539 2,
1305 2457 1360 2540 24,
1383 2455 1425 2520 5:
1453 2472 1511 2519 nec

368 2582 473 2643 posse,
496 2581 566 2628 cum
588 2566 696 2628 hostes
718 2581 813 2643 prope
832 2569 869 2628 ad
887 2572 993 2642 portas
1016 2574 1136 2656 essent,
1159 2569 1238 2632 tello
1258 2565 1417 2644 praeverti
1439 2579 1510 2626 sese

370 2677 554 2757 quicquam,
587 2692 644 2737 nec
676 2676 703 2737 31
733 2676 776 2737 311
796 2678 964 2741 laxamenti
993 2679 1125 2759 aliquid,
1157 2684 1218 2767 aut·
1239 2678 1319 2755 plelri
1345 2678 1510 2738 honestum

369 2802 454 2869 csse,
476 2787 535 2848 nisi
557 2787 700 2847 mercede
723 2787 809 2862 prius
831 2792 971 2871 accepta,
995 2804 1080 2851 arma
1101 2805 1156 2866 pro
1178 2790 1278 2867 patria
1298 2803 1360 2850 uon
1376 2786 1511 2868 cepisse,

367 2893 469 2974 n'cpue
492 2896 632 2973 patritus
660 2897 736 2958 satis
766 2896 912 2967 decorum
943 2914 1000 2975 per
1020 2904 1136 2961 metum
1164 2900 1267 2975 potius
1300 2913 1393 2977 quam
1423 2902 1510 2973 post·
1563 2940 1567 2947 -

369 3007 460 3070 modo
476 3007 639 3071 voluntate
657 3008 787 3069 addictis
801 3009 917 3070 civium
935 3024 1065 3071 suorum
1080 3010 1214 3071 fortunis
1228 3010 1433 3073 cousuluisse.
1458 3004 1512 3069 Sic

368 3119 462 3180 ctiam
476 3122 548 3195 post
562 3118 660 3181 verba
682 3118 891 3200 cupiendi,
916 3119 1138 3197 expetendi
1163 3124 1222 3182 ete.
1247 3120 1373 3195 ponitur
1388 3118 1512 3194 periec-

260 3310 264 3317 .
369 3232 436 3289 tum
450 3229 605 3306 infinitivi,
628 3228 713 3289 velut
734 3224 807 3290 Liv.
830 3226 885 3311 40,
911 3227 970 3293 10:
997 3230 1151 3306 perisse
1174 3234 1337 3305 expetunt.
1358 3224 1429 3291 Liv.
1454 3226 1510 3310 22,

369 3336 425 3421 59,
449 3335 512 3418 104
535 3336 590 3420 42,
615 3336 667 3400 ll.
693 3336 769 3400 Sall.
788 3336 863 3414 lug.
881 3338 941 3422 31,
963 3340 1024 3403 27:
1050 3344 1085 3402 ut
1107 3339 1266 3401 malitis
1289 3340 1365 3401 civis
1384 3341 1510 3401 nostros

369 3459 531 3525 perperam
554 3462 646 3524 quam
668 3454 753 3510 recte
777 3449 939 3511 iecisse.
963 3447 1043 3511 Plin.
1069 3449 1099 3511 h.
1125 3465 1156 3511 n.
1184 3446 1236 3532 tu,
1258 3444 1313 3531 28,
1334 3444 1368 3511 d.
1392 3446 1509 3511 Eodem

285 3632 289 3640 Ι
368 3558 460 3621 modo
483 3564 611 3635 propter
625 3558 860 3633 significationis
879 3564 1021 3623 naturam
1043 3561 1135 3621 etiam
1157 3562 1228 3637 post
1251 3572 1401 3635 praesens
1421 3558 1508 3635 poni-

368 3675 421 3733 tur
442 3668 613 3746 perlectum
629 3669 820 3734 141141ιὶ4114
837 3670 1043 3752 aliisvcrlris,
1062 3668 1151 3733 velut
1173 3668 1278 3733 satis
1298 3672 1381 3751 cst,
1406 3668 1508 3741 satis

367 3781 504 3860 habeo,
526 3782 832 3864 contentussum.
857 3779 986 3863 veut,
1011 3776 1090 3841 103:
1115 3765 1509 3843 contentisimusidunum

368 3889 527 3971 dixisse,
557 3885 761 3982 2,112,6ι
794 3890 1029 3952 sustinuisse
1053 3888 1209 3968 eontenti;
1241 3903 1364 3966 parum
1393 3889 1508 3961 haheo

367 3999 448 4063 Veli.
466 3999 502 4082 2,
520 3995 576 4081 td,
600 3998 638 4061 l:
663 3999 1054 4075 parumhanchatsumma
1070 4000 1243 4081 accepisse,
1267 4013 1404 4077 operae
1426 4014 1509 4076 pre-

367 4110 457 4174 tium
483 4115 548 4191 est,
571 4109 768 4171 honestum
788 4104 919 4171 estid-r.
943 4107 976 4191 2,
1000 4108 1055 4188 45,
1075 4107 1118 4192 5,
1133 4108 1323 4185 egregium
1347 4115 1395 4173 est
1417 4109 1508 4172 alicui

365 4218 441 4283 Tac.
461 4220 544 4298 141,
568 4216 622 4298 15,
644 4218 675 4278 14
694 4218 762 4280 41113
781 4221 855 4298 (non
868 4220 998 4301 pigebit,
1014 4214 1196 4298 poenitebit,
1217 4210 1355 4301 pudebit,
1367 4219 1505 4297 juvabit,

365 4333 476 4394 melius
488 4332 561 4410 erit)
576 4334 698 4415 tantum
711 4324 782 4407 pos't
794 4330 934 4393 iuturum
948 4330 985 4391 de
998 4329 1151 4406 promisso
1167 4334 1281 4393 eventu
1303 4332 1349 4394 rei
1370 4330 1506 4410 loturae,

362 4444 446 4522 quod
460 4438 640 4516 Madvigius
660 4456 709 4519 gr.
735 4441 758 4504 1.
781 4441 809 4523 5.
827 4436 903 4522 407,
928 4454 1033 4517 44434.
1057 4441 1148 4505 acad..
1172 4442 1237 4505 vol.
1252 4436 1283 4504 ll
1302 4457 1334 4518 p.
1358 4434 1420 4503 120
1435 4453 1502 4515 sqq.
1556 4502 1560 4514 ,
