3517 5350
663 1653 816 1730 Vellet,
839 1651 867 1736 l,
890 1652 924 1732 6,
949 1654 978 1717 3:

339 1849 452 1927 Vellet.
476 1846 512 1935 Ι,
528 1849 561 1932 6,
585 1848 606 1913 3
625 1851 676 1913 etl.
699 1865 748 1928 pr.
771 1849 881 1912 habeta
911 1866 947 1911 ea
970 1853 1072 1938 aetate
1093 1849 1283 1912 clarissimus
1307 1844 1396 1922 Grati

254 1962 387 2034 nominis
410 1959 581 2037 Lycurgus
602 1957 889 2045 Lacedaemonius,
912 1961 960 2023 vir
983 1961 1108 2037 generis
1131 1960 1232 2043 regit,
1265 1959 1324 2021 luit
1346 1959 1396 2019 se-'

253 2073 807 2151 verissimarumjustissimarumque
828 2073 934 2150 legum
948 2075 1058 2134 auctor
1079 2075 1111 2132 et
1131 2069 1308 2180 discipliuae
1322 2083 1396 2138 con-

254 2181 510 2257 venientlsslmae
531 2183 591 2247 uir.
960 2183 967 2200 ⁰
1386 2181 1390 2195 '

337 2290 490 2357 Vitiosum
519 2293 570 2355 hic
592 2309 663 2356 esse
685 2296 874 2374 postremam
897 2307 1024 2375 vocem,
1048 2289 1185 2374 ‚,vir“
1175 2307 1268 2381 ineo
1289 2306 1396 2353 omnes

259 2396 324 2463 lere
354 2380 565 2466 consentiunt.
611 2400 796 2481 Corruptam
833 2408 939 2466 autem
965 2403 1045 2464 lanc
1079 2402 1264 2478 scripturam
1291 2401 1398 2478 jolico
1460 2461 1462 2468 .

259 2526 320 2574 non
342 2513 382 2574 ol)
403 2516 565 2592 repetitam
586 2516 653 2577 vir
671 2528 791 2592 vocem,
809 2521 908 2591 'quarn
929 2511 1065 2595 Velleio,
1089 2512 1231 2590 scriptori
1251 2517 1317 2583 tarn
1336 2510 1399 2571 ele-

257 2622 346 2699 ganti
380 2639 557 2703 repugnare
590 2625 712 2703 putavit
739 2623 876 2688 Hutlnius
913 2624 993 2687 salsa
1026 2626 1063 2687 (te
1097 2621 1212 2698 Velleji
1245 2619 1399 2699 elegantia
1486 2639 1489 2644 ·

257 2734 401 2811 opinione
416 2733 614 2820 seductus¹)‚
637 2736 692 2797 set
711 2737 783 2813 puta
804 2751 865 2814 quo
889 2751 951 2797 vox
974 2735 1242 2797 convenienti
1250 2734 1398 2795 ssimae

257 2845 412 2920 pertineat
441 2860 504 2909 uon
528 2842 733 2921 intelligitur.
778 2842 861 2908 Nam
899 2860 970 2907 euna
998 2845 1067 2908 allis
1098 2842 1212 2925 locisll
1256 2844 1399 2919 Velleius

257 2968 293 3016 ea
314 2970 390 3017 voce
412 2956 455 3017 ila
478 2938 612 3039 utatur,'
627 2959 662 3015 ut
681 2969 743 3031 quo
765 2956 921 3018 referatur
942 2955 1071 3033 habeat,
1103 2970 1171 3016 earn
1195 2955 1253 3018 hoc
1276 2970 1400 3032 qnoque

257 3065 327 3128 loco
358 3066 482 3141 objecto
512 3063 599 3145 quod
619 3064 733 3127 licitur
758 3079 820 3126 uon
849 3080 921 3126 esse
951 3066 1128 3127 destitutam
1157 3068 1232 3141 jure
1261 3068 1400 3131 concludi

257 3179 373 3252 potest.
398 3174 491 3259 Quod
511 3155 783 3256 utrestituerenu
806 3174 897 3236 vario
921 3174 1011 3237 mollo
1033 3174 1091 3237 viri
1112 3177 1195 3240 nocti
1219 3179 1401 3241 elaborave-

259 3291 344 3349 runt.
390 3285 438 3349 Ae
459 3284 587 3366 Lipsius
610 3284 807 3347 emendavit:
830 3287 1144 3355 convenientissimae
1164 3288 1289 3372 viris,
1321 3294 1402 3369 quod

261 3392 446 3481 lucensius,
466 3395 628 3481 Itritzlus,
652 3394 787 3459 Haaslus
809 3399 1013 3477 proponunt,
1039 3394 1101 3461 Set
1124 3413 1164 3460 ne
1182 3396 1260 3462 haee
1280 3381 1403 3477 pultem

260 3507 433 3570 emendatio
462 3509 648 3572 sententiam
677 3507 819 3569 idoneam
848 3509 1000 3584 praetere
1030 3508 1103 3569 mihi
1124 3506 1261 3587 videtur.
1306 3510 1404 3573 Recte

261 3604 382 3693 quinem
403 3634 437 3681 se
459 3620 574 3681 nabent
597 3632 758 3698 ea,·quae
779 3614 922 3680 Kritzins
944 3616 982 3677 ael
1005 3615 1168 3681 lectionem
1198 3616 1331 3701 „sinisii
1352 3620 1404 3683 tle-

264 3791 491 3800 ..n-m...—

268 3897 293 3959 )
310 3939 315 3953 1
331 3886 360 3951 1)
378 3888 403 3940 Δ
420 3886 517 3953 Velleje
541 3889 628 3941 eedem
652 3888 772 3941 vultule
790 3888 831 3940 vel
849 3888 875 3941 in
894 3886 981 3941 eadem
1001 3888 1176 3942 annullatione
1194 3890 1234 3943 vel
1252 3890 1279 3943 iu
1297 3888 1406 3943 confinio

263 3973 367 4025 duarum
391 3974 541 4044 saepissime
565 3974 673 4043 repetite
699 3989 757 4029 esee
780 3974 895 4026 Kritzius
921 3973 1043 4041 exemplis
1076 3974 1139 4033 satis
1165 3990 1292 4045 superque
1323 3974 1405 4029 allatis

263 4050 493 4127 docuit‘simulqne
518 4059 558 4138 inis
585 4058 706 4111 refutavit
729 4061 884 4113 sententiam
911 4072 1012 4123 eorum,
1038 4059 1080 4127 qui
1105 4060 1149 4111 uti
1173 4058 1239 4110 idem
1257 4051 1407 4111 vocabulum

263 4141 337 4195 necet
359 4144 442 4214 sp'atio
467 4128 600 4210 interjecto
625 4144 664 4196 bis
681 4144 723 4197 vel
738 4148 779 4197 ter
797 4145 908 4210 legitur,
937 4142 968 4194 de
988 4142 1132 4210 corruptela
1151 4146 1193 4196 aut
1210 4143 1406 4214 interpolatione

264 4228 414 4293 cogitarent.
440 4228 490 4281 Gi.
508 4228 604 4282 ltrttzit
623 4226 744 4295 Prolegg.
761 4246 788 4299 p
806 4228 941 4283 tilulr-
947 4226 1024 4281 Lxx.

332 4312 408 4379 2)1,
427 4311 467 4379 13,
485 4313 515 4367 5:
540 4314 731 4369 convenientior
755 4312 843 4370 decori
867 4312 969 4381 publico
987 4311 1029 4365 illa
1056 4288 1405 4385 imprudentia32,14‚2'=

264 4376 354 4449 effudit
376 4414 464 4453 vocem
488 4399 751 4451 convenientissimam
779 4398 950 4451 conscientiae
975 4412 1052 4464 suae;
1075 4398 1102 4463 2,
1120 4396 1162 4463 29,
1180 4398 1211 4450 2.
1230 4398 1362 4451 torma—
1378 4398 1404 4449 in

264 4482 332 4535 illam
350 4484 508 4537 conveniens
525 4482 723 4551 amplitudinem.
