3517 5350
920 445 1001 522 24*

832 542 1055 558 mm*

282 723 289 737 ⁸
379 660 500 708 susce
508 623 565 721 pti
585 644 725 721 operis
747 649 779 706 ei
799 643 946 707 muneris.
968 641 1073 720 Atque
1097 646 1131 706 ut
1153 645 1193 708 ad
1207 643 1263 708 illa<
1279 645 1377 708 verba
1390 644 1518 706 veniam

379 769 459 831 quae
480 769 575 833 supra
596 755 687 832 posui
718 770 780 819 non
807 754 970 837 intelligo,
1004 753 1078 832 quid
1100 753 1140 818 sit
1161 755 1352 832 suseepti
1376 754 1518 831 operis

290 843 294 850 ’
378 869 574 932 carmem·
597 862 746 940 Equidem
778 869 899 928 cerium
932 868 1007 941 puto
1030 862 1112 941 quod
1139 863 1231 928 etiam
1253 863 1322 926 aliis
1341 865 1445 927 visum
1467 867 1520 927 est

380 976 479 1037 rerba
508 950 845 1050 itta-quemadmodum
867 975 900 1035 in
920 962 970 1036 e'd.
994 987 1042 1051 pr.
1067 977 1099 1034 et
1119 971 1339 1038 codsAmerb.
1364 974 1517 1038 exiribcn·

258 1099 265 1116 ·
379 1089 433 1160 tur
452 1068 600 1163 ‚corrupta
621 1098 704 1146 esse.
727 1079 790 1149 Sed
812 1079 1002 1159 conjecturis
1015 1097 1103 1168 quae
1126 1083 1225 1148 adbuc
1247 1084 1423 1161 propositae
1442 1083 1520 1144 sunt

380 1209 488 1258 veram
505 1195 692 1271 scripturam
706 1193 842 1263 nondum
858 1195 1032 1258 restitutam
1047 1194 1194 1260 arbitror.
1240 1190 1290 1266 ita
1306 1193 1409 1280 aitqua
1427 1195 1518 1270 parte

247 1319 249 1323 ·
351 1365 356 1377 ,
379 1305 468 1371 iocus
491 1291 621 1367 satiatus
641 1309 691 1366 est
709 1303 904 1382 sagacissimi
924 1301 1102 1368 Marklandi
1123 1305 1325 1396 conjectura,
1348 1305 1400 1380 qui
1423 1303 1516 1385 epist.

362 1416 479 1510 ‘critic
505 1431 538 1492 p.
553 1413 596 1478 tt
614 1415 710 1478 scribi
723 1415 795 1478 vult
815 1414 889 1496 „in
910 1415 1092 1490 suscepti
1112 1415 1246 1494 operis
1268 1415 1328 1478 sui
1349 1409 1517 1480 iormd.“

381 1524 453 1608 Qua
480 1527 663 1602 coniectura
689 1521 867 1591 Markiandi
902 1523 977 1608 nibil
1006 1523 1123 1586 meiius·
1146 1523 1264 1586 invenit
1294 1522 1514 1603 bobobertus,

381 1638 434 1721 qui
455 1633 676 1702 Markiandum
697 1636 741 1697 ita
761 1634 922 1716 sequitur,
945 1635 980 1694 ut
1001 1632 1064 1696 sui
1086 1633 1250 1711 practerea
1268 1633 1381 1696 deleat.
1404 1631 1515 1709 Neque

381 1731 456 1808 uero
474 1750 594 1809 tantum
610 1744 743 1815 {sormam
766 1740 1014 1808 Catullianorum
1036 1745 1207 1808 carminum
1234 1743 1436 1826 admiramur,
1463 1743 1518 1810 sed

337 1848 341 1852 “
382 1855 683 1918 sententiarum
712 1852 932 1935 dulcedine
961 1853 1109 1930 capimur.
1156 1853 1229 1916 'Hoc
1256 1856 1385 1918 invento
1418 1854 1520 1916 iaetus

379 1966 446 2041 Jarn
463 1964 650 2038 ¹emendatio
680 1967 729 2025 est
758 1967 790 2029 et
820 1963 977 2048 lenissima
1011 1964 1180 2050 mutatione
1216 1965 1383 2042 perileitur.
1427 1960 1519 2038 Lege

381 2075 497 2149 igitur:
522 2088 624 2150 neque
645 2072 709 2136 uiio
731 2075 770 2136 in
792 2074 980 2150 suscepti
1003 2073 1137 2151 operis
1158 2075 1198 2136 vi
1219 2090 1262 2136 ae
1282 2071 1518 2137 formamino·

383 2197 450 2246 reru
484 2179 664 2267 Catullum,
698 2182 779 2261 quod
814 2181 925 2246 litteris
954 2183 1138 2262 praesertim
1170 2185 1342 2247 uncialibus
1371 2182 1517 2261 scriptum

289 2369 294 2379 Ι
382 2287 534 2357 OPERIS
551 2289 597 2355 Vl
609 2286 667 2356 AC
681 2288 832 2359 1⁴¹0an
847 2296 879 2354 et
892 2294 924 2356 in
938 2273 1026 2356 tanta
1041 2294 1293 2382 „carminum
1305 2291 1330 2332 ‘⁶
1346 2295 1433 2356 vocis
1445 2292 1521 2356 vici-

383 2404 481 2468 nitate
514 2402 658 2465 iaeiiiime
688 2403 852 2480 deprauari
879 2403 981 2482 potuit
1009 2405 1040 2466 in
1071 2402 1153 2465 bunc
1188 2403 1330 2468 modum:
1370 2399 1522 2468 OPERIS

385 2508 455 2578 SVI
469 2509 678 2577 cubituum
710 2511 758 2575 lie
775 2514 944 2579 verborum
966 2515 1046 2597 „vi
1060 2529 1101 2576 ec
1121 2513 1283 2594 iorma“
1304 2515 1463 2576 structura
1476 2512 1521 2590 civ

332 2672 335 2682 .
380 2621 486 2716 'Vara
512 2638 539 2685 r.
572 2626 653 2686 rust.
678 2621 711 2704 3,
733 2621 756 2686 2
776 2626 870 2688 eutr.⁴
893 2625 947 2687 sed
975 2638 1032 2687 oro
1054 2627 1105 2708 te,
1135 2624 1252 2707 inquit,
1283 2622 1394 2687 induce
1415 2635 1467 2691 me
1487 2623 1522 2685 in

386 2733 470 2795 viam
495 2731 674 2823 disciplinae
689 2718 844 2811 villaticae
858 2712 1010 2819 pastionis
1032 2750 1068 2797 ao
1089 2737 1164 2797 vim
1185 2734 1427 2811 formamque
1448 2735 1521 2810 ejus

387 2856 520 2919 expone.

840 3042 1066 3050 -ι-..ο--σ--σ--α-

802 3247 805 3254 ,
864 3222 908 3310 11,
933 3224 986 3309 37,
1010 3225 1040 3289 r.

476 3394 522 3479 ii,
552 3393 606 3479 37,
637 3394 654 3459 i
686 3398 808 3474 ed..pr.
842 3396 953 3462 babet:
991 3398 1169 3462 dum0beeo
1195 3400 1226 3461 ln
1258 3398 1334 3475 urbe
1370 3392 1517 3473 italiaque

388 3512 563 3599 geruntur,
604 3503 665 3570 Cn.
694 3504 863 3585 Pompeius
890 3508 1089 3573 memorabile
1119 3510 1273 3573 adversus
1306 3504 1515 3583 Mithridaten,

387 3619 440 3696 qai
460 3624 533 3697 post
554 3614 676 3681 Luculli
703 3617 926 3703 protectionem
947 3634 1076 3697 magnas
1099 3620 1172 3683 novi
1193 3619 1351 3683 exercitus
1373 3616 1450 3679 uiris
1467 3627 1515 3683 tc·

312 3710 315 3713 ⁴
388 3733 567 3811 paraverat,
590 3724 705 3798 bellum
721 3728 833 3804 gessii.
856 3730 932 3791 -Ac
954 3744 1014 3795 rex
1033 3731 1124 3798 rusus
1138 3730 1327 3805 fugatusque
1350 3762 1391 3795 .—
1413 3726 1517 3789 Arme·

295 3862 297 3866 ¹
388 3840 471 3904 niam
491 3836 711 3915 Tigrnncnque
732 3839 965 3917 sociumpetit.
1111 3908 1114 3915 ,
1356 3882 1374 3923 ,
1446 3852 1448 3859 ·

376 3947 378 3956 “
473 3946 535 4016 Pro
557 3964 600 4012 ac
618 3949 652 4020 in
671 3948 742 4035 cod.
766 3947 893 4011 amerb.
914 3949 1123 4033 -iegitorat,
1151 3952 1232 4029 quod
1251 3936 1412 4025 exemplar
1433 3948 1518 4009 retus

388 4060 534 4134 babuisse
556 4055 709 4122 Burerlus
737 4056 841 4122 docet.
887 4057 1017 4142 Quoties
1044 4072 1122 4121 sane
1153 4060 1185 4125 in
1210 4056 1415 4133 scriptoribus
1443 4054 1517 4119 anii-

389 4168 460 4246 quis
482 4155 670 4245 castigandis
691 4169 878 4247 interpretes
900 4169 932 4232 in
954 4170 1113 4248 particulis
1136 4184 1179 4229 ac
1201 4170 1233 4228 et
1254 4169 1294 4227 at
1316 4164 1518 4242 discernendis

390 4291 460 4341 sese
485 4277 650 4367 torserint
665 4278 722 4340 diei
742 4278 931 4369 vixmpotest.
973 4258 1058 4342 Mibi¹
1073 4292 1151 4341 vero
1173 4276 1235 4355 loci
1254 4290 1346 4354 quem
1367 4275 1417 4337 bio
1438 4272 1516 4361 agito

391 4388 543 4451 rationem
582 4374 801 4454 consideranti
822 4387 924 4465 aptior
956 4394 1084 4467 apparet
1112 4388 1263 4466 particula
1283 4402 1328 4451 ac
1354 4398 1445 4461 quam
1468 4386 1515 4446 at.
