3517 5350
704 487 929 589 „dim

249 676 340 760 Quae
361 679 391 740 in
412 677 461 738 cd.
486 691 534 753 pr.
557 659 706 754 leguntur
734 660 913 759 „supplico
935 677 1083 740 debuerat
1112 676 1261 753 supplicio
1284 675 1383 738 reddi·
1474 743 1479 754 ⁴

247 785 319 852 didi
342 787 426 850 baud
451 786 543 848 dnble
571 787 718 848 mendose
747 793 833 850 sunt.
878 783 941 848 Sed
963 788 1083 864 inipso
1106 788 1174 848 cod.
1197 783 1303 849 Murb.
1328 784 1383 847 ali·
1467 857 1479 868 ss

246 899 321 976 quid
344 875 504 960 turbatum
526 896 624 958 misse
643 897 715 958 inde
735 900 840 978 patet,
870 897 950 973 quod
974 888 1287 982 Amerbacbluscum
1309 894 1386 956 serie

206 1060 211 1071 .
247 1010 364 1098 psissct
380 1007 556 1090 „debuerat
569 1007 719 1084 supplicio
734 987 892 1068 reddidit“
906 1007 1004 1082 signis
1018 1006 1208 1086 significavit
1218 1006 1385 1081 legendum

246 1135 338 1181 esses
357 1116 768 1193 suppliciodebuerat
793 1117 988 1195 reddidit;
1005 1119 1233 1193 inquoveram
1246 1089 1384 1178 llrltzius
1504 1199 1507 1206 ι

246 1229 392 1303 agnoscit
412 1228 609 1302 scripturam.
654 1225 731 1289 Mihi
755 1228 787 1290 in
808 1229 940 1290 mentem
958 1228 1047 1289 venit
1065 1222 1227 1302 'Voltcium
1248 1227 1384 1288 sortasse

245 1340 428 1416 scripsisse:
454 1351 546 1416 quem
566 1336 709 1414 spiritum
730 1337 880 1415 supplicio
901 1324 1069 1420 debuerat,
1096 1333 1221 1399 Marii
1242 1334 1385 1398 reddidit.
1407 1385 1412 1396 .

247 1441 302 1513 ct·
319 1446 392 1512 Liv.
416 1443 472 1529 28,
495 1445 554 1510 34:
577 1462 667 1521 suam
688 1448 811 1524 quidem
827 1453 859 1510 et
872 1447 979 1510 fratris
1000 1451 1032 1509 ct
1047 1446 1236 1524 reliquorum
1257 1444 1400 1527 populas,

244 1561 327 1622 rium
347 1574 418 1620 cam
439 1558 644 1620 conditionem
667 1572 757 1639 esse,
789 1561 824 1620 ut
845 1562 919 1641 aut,
950 1559 976 1624 si
989 1559 1041 1641 lta
1062 1556 1224 1637 videatur,
1253 1555 1385 1618 reddant

244 1671 388 1747 spiritum
410 1664 448 1730 P.
470 1659 625 1750 Scipioni,
653 1667 822 1728 abeodem
843 1667 1097 1754 illoacccptum‚
1122 1671 1177 1736 aut
1199 1665 1315 1728 servati
1336 1665 1383 1726 bis

246 1781 303 1842 um
323 1779 453 1841 debltam
475 1779 579 1840 vitam.
593 1792 649 1854 pro
671 1792 708 1838 eo
731 1778 761 1840 in
783 1781 965 1854 perpetuum
988 1778 1171 1842 devoveant.

699 1973 927 1984 ἡ

726 2158 768 2245 ιι,
790 2160 845 2245 ss,
868 2163 901 2224 ι.

332 2327 378 2415 ΙΙ,
400 2328 454 2411 36,
479 2331 516 2393 42
542 2346 641 2408 neque
669 2331 733 2393 ulio
755 2333 787 2394 in
810 2333 994 2409 suspecti
1025 2334 1166 2408 operis
1200 2332 1264 2394 sui
1293 2344 1384 2392 car·

245 2443 349 2503 mine
372 2442 522 2503 minorem
546 2436 714 2504 Catullum.
746 2438 795 2505 lta
817 2437 966 2525 anain,
999 2445 1033 2503 ut
1055 2441 1169 2503 dudum
1191 2441 1383 2517 scripserunt

244 2552 402 2630 editores3
424 2552 456 2611 in
479 2553 527 2612 ed.
552 2565 602 2628 pr.
624 2557 672 2614 cst
695 2548 894 2616 Catulum.

322 2657 465 2724 xDubium
487 2664 633 2745 nonest,
657 2662 733 2739 quin
754 2659 911 2746 Catullus,
935 2678 1025 2757 quem
1049 2659 1168 2726 Gellius
1190 2658 1224 2743 7,
1246 2655 1290 2724 20
1309 2645 1384 2737 poe·

248 2775 350 2834 tarum
377 2770 512 2848 appellat
539 2772 825 2855 elegantissimum,
864 2775 914 2836 bic
943 2788 1058 2849 magna
1088 2746 1245 2834 alliciatur
1278 2750 1380 2833 laude.

246 2876 309 2943 Sed
338 2883 368 2943 ln
391 2882 497 2943 verbis
523 2884 635 2958 quibus
666 2898 704 2944 ea
726 2882 796 2945 lens
815 2886 993 2949 continetur
1021 2887 1104 2945 certe
1129 2887 1177 2943 cst
1199 2880 1313 2957 aliquid
1335 2880 1383 2940 vi-
1468 2960 1474 2967 *
1557 2864 1561 2875 '

246 2992 328 3053 tiosi.
350 2988 490 3054 liminius
513 2992 636 3066 quidem
650 2990 883 3068 Wopkensium
905 2997 1032 3055 secutus
1053 2992 1247 3054 sanissimam
1270 2988 1382 3050 codlcis
1437 3064 1439 3067 Ι

246 3101 431 3177 scripturam
460 3101 619 3162 existimat
648 3106 681 3163 et
712 3102 811 3162 verba
841 3103 886 3164 sic
915 3103 1070 3164 construit
1100 3074 1265 3183 „nenne
1282 3098 1381 3160 ‘ullo
1423 3104 1427 3111 “

246 3212 284 3271 in
314 3212 490 3273 carmine
525 3212 713 3287 suspecti
751 3214 890 3289 operis
921 3212 1032 3296 sui“,
1064 3217 1166 3274 umen
1197 3210 1279 3288 quod
1309 3209 1383 3271 dicit

248 3304 424 3398 suspectum
447 3321 506 3383 boc
536 3322 604 3383 ioco
625 3323 802 3397 significare
831 3324 1104 3387 admirandum
1131 3316 1381 3397 velsummi1)
1485 3404 1487 3409 Ι

245 3430 507 3499 aestimatum
527 3433 557 3493 id
581 3431 694 3495 salsum
725 3449 796 3495 esse
814 3450 945 3497 censeo.
989 3431 1079 3495 Hunc
1101 3432 1180 3495 enlm
1203 3432 1292 3494 vocis
1316 3432 1380 3493 vlm

244 3540 347 3602 tritam
365 3541 485 3617 quidem
505 3542 538 3603 in
560 3544 659 3604 verbo
674 3542 761 3605 tlnito
782 3544 820 3604 in·
837 3544 998 3621 participio
1012 3544 1116 3605 inesse
1138 3541 1288 3619 exemplis
1310 3550 1381 3618 pro-
1472 3516 1481 3525 ⁰

243 3652 311 3714 bari
338 3653 394 3713 vin
426 3647 566 3728 poterit.
604 3650 710 3735 Quare
739 3631 864 3731 Lipsius
895 3667 958 3731 pro
990 3651 1177 3729 suspecti
1208 3650 1381 3731 rectissime

247 3762 322 3837 legit
343 3763 536 3839 suscepti.
583 3758 634 3826 Ci.
658 3759 804 3827 Luctum.
829 3762 863 3847 b,
889 3762 926 3827 1:
952 3764 1033 3841 quod
1063 3765 1132 3826 erat
1153 3763 1288 3824 oliiclum
1311 3777 1382 3825 sus·

247 3873 325 3947 cepti
346 3872 484 3945 nnuuncris
506 3872 610 3934 divino
632 3876 741 3950 spiritu
761 3877 938 3937 instruente
961 3890 997 3935 ac
1017 3873 1210 3949 suffragante
1237 3874 1305 3950 ipsa
1325 3886 1380 3934 ve·

182 3978 186 3986 ’
244 3982 335 4043 ritate
358 3981 591 4066 complevimus,
613 3972 666 4047 ubi
681 3973 780 4049 codex
794 3983 982 4067 bmsuurg„
1007 3985 1268 4059 cujusvamantes
1284 3981 1380 4060 penes

244 4089 465 4154 Rubnkenium
494 4098 605 4177 erant,
640 4096 738 4158 verba
767 4096 813 4157 sic
844 4088 987 4157 exbibet:
1028 4092 1109 4171 quod
1143 4097 1211 4155 erat
1245 4092 1380 4173 olllcium

311 4345 341 4411 1)
358 4345 476 4399 Kritzius
492 4345 595 4413 scripsit
611 4346 728 4400 summi
753 4328 988 4415 aestimatum,
1013 4362 1060 4415 pro
1077 4360 1126 4415 quo
1145 4346 1200 4400 sins
1216 4346 1294 4401 dnbio
1313 4348 1379 4400 scri·

245 4428 352 4483 bendum
371 4432 412 4485 es't
429 4429 559 4485 maximi
575 4433 796 4487 aestimatum
