3517 5350
817 527 856 592 15

797 613 852 623 .tv-0.-
858 613 921 624 amm
928 613 946 622 Α

264 731 325 793 qua
350 719 419 784 erat
440 691 676 792 perseverantia
700 694 829 779 militum
851 715 1000 793 pudorem
1024 716 1185 779 excitavit.
1231 715 1303 800 Quo
1325 719 1408 782 laeto

262 826 397 907 milltes,
430 828 466 888 ut
488 827 592 895 verbis
613 826 776 903 scriptoris
798 825 1054 904 exquisitionibus
1076 830 1165 910 utar,
1197 843 1280 904 spem
1301 803 1408 908 despe-

262 937 386 1000 ratione
406 937 642 1013 quaesiverunt.
665 935 754 999 Adde
777 937 860 1013 quod
878 937 977 1000 verba
997 940 1146 1020 „tantum
1169 937 1270 998 effecit
1290 941 1405 1003 mixtus

262 1047 367 1109 timori
391 1048 492 1124 pudor
512 1061 645 1123 spesque
666 1046 883 1123 desperatione
905 1043 1073 1123 quaesita⁴⁴
1096 1029 1133 1108 eo
1147 1057 1213 1123 quo,
1231 1047 1264 1112 ln
1287 1051 1402 1126 ed..pr.

261 1158 411 1233 leguntur
425 1135 534 1218 ordine
548 1156 693 1219 consulto
716 1155 866 1219 eolloeata
889 1156 1048 1238 videntur,
1072 1159 1107 1218 ut
1129 1156 1251 1232 singula
1273 1159 1405 1236 singulis
1451 1198 1453 1209 .
1500 1223 1504 1235 p

260 1267 495 1350 responderent.
528 1263 638 1343 ltaque
661 1267 817 1331 ohlasmus
838 1281 909 1351 voo.
931 1267 1049 1328 mixtus
1066 1299 1112 1315 —«
1125 1267 1277 1349 quaesita,
1300 1269 1404 1332 timori

260 1377 563 1458 -desperatione,
593 1377 694 1454 pudor
724 1389 857 1454 spesque
890 1377 1042 1439 evertitur
1069 1372 1180 1439 llrltzil
1209 1381 1402 1454 conjectura.

261 1487 348 1571 Quae
368 1485 398 1550 'si
420 1494 523 1550 terum
545 1488 762 1570 reputaveris,
795 1500 888 1563 quam
909 1487 1111 1550 veliementer
1130 1486 1281 1563 langueat
1303 1489 1403 1552 oratio

261 1599 392 1663 insertis
412 1587 573 1661 vocabulis
594 1610 708 1680 „pers
732 1594 847 1660 decisi
877 1597 970 1659 laelle
997 1596 1166 1672 intelliges.
1210 1596 1253 1660 Al
1274 1613 1313 1680 ne
1336 1600 1406 1677 quis

260 1725 297 1771 eo
309 1707 457 1791 offendat,
472 1709 552 1784 quod
568 1723 610 1770 ex
625 1722 695 1769 mea
709 1707 1000 1783 conjecturaveris
1014 1723 1105 1789 „non
1121 1705 1315 1770 deterritusi‘
1330 1723 1401 1772 eum

261 1819 368 1882 verbis
390 1818 574 1901 „proposita
595 1818 833 1900 perseverantia
856 1814 949 1880 dux“
971 1819 1139 1893 conjuncta
1161 1817 1321 1902 leguntur,
1344 1819 1425 1882 hoo.

262 1929 458 2010 monuerim,
481 1927 647 2004 ‹Verrejum
676 1928 856 2005 saepissime
883 1929 916 1990 ln
938 1941 973 1990 re
986 1928 1120 2028 &uberius
1142 1929 1343 1992 describenda
1365 1946 1402 1993 ao

259 2041 453 2118 depingenda
483 2041 527 2100 ita
554 2040 695 2118 versari,
727 2043 763 2100 ut
782 2037 962 2114 geniosuo
984 2041 1078 2115 atque
1099 2040 1193 2102 aetati
1215 2054 1290 2103 suae
1312 2043 1403 2105 nimis

257 2151 423 2225 indulgens
445 2149 599 2236 vocabula
620 2132 701 2211 id'em
720 2149 1010 2224 ierezsignideanda
1033 2149 1178 2227 anquirat
1200 2151 1401 2216 adcumulet.

258 2258 360 2338 Cujus
382 2260 430 2321 rei
449 2259 701 2322 luculentissima
716 2259 866 2337 praebent
891 2259 1068 2326 testimonia
1089 2257 1123 2342 2,
1148 2257 1222 2342 113,
1244 2259 1284 2330 2:
1309 2275 1401 2346 exer-

261 2373 356 2432 eitum
375 2371 528 2446 majorem
555 2383 647 2446 quam
675 2369 900 2447 attemperant
926 2371 1034 2446 posset
1062 2383 1163 2445 neque
1185 2369 1318 2445 habilem
1342 2385 1400 2459 gd-

259 2481 430 2544 oeraaoalo
449 2479 482 2559 2,
508 2476 583 2561 125,
605 2478 643 2540 4:
668 2478 805 2555 plurimo
816 2479 890 2555 igno
908 2479 1044 2552 emioaps
1058 2478 1234 2554 incendium
1255 2481 1399 2545 militaris

259 2593 432 2674 roduam
462 2590 502 2652 ar.
534 2591 626 2652 enam
648 2588 681 2669 l,
703 2588 756 2671 12,
779 2587 822 2671 73*
846 2587 939 2672 aa,
963 2586 1002 2671 33
1031 2587 1066 2670 a,
1089 2586 1264 2672 lassa,
1286 2587 1342 2675 aa,
1364 2591 1398 2654 4.
1469 2573 1474 2581 ’

257 2702 376 2767 Deinde
391 2704 483 2763 etlam
498 2700 630 2784 aceedit,
652 2703 734 2780 quod
750 2702 943 2765 consuetudo
960 2699 1106 2777 loquendi
1121 2714 1177 2778 pro
1200 2702 1397 2783 „deterritus

257 2809 446 2891 proposito‘
468 2813 627 2889 postulare
644 2812 766 2875 videtur
782 2812 1015 2874 deterritus
1038 2826 1056 2873 a
1079 2814 1309 2888 proposito.
1334 2809 1397 2876 Sed

259 2924 332 2986 nolo
355 2924 414 2985 hoc
431 2935 587 3003 premere,
604 2898 756 2983 aam'vel
779 2937 816 2983 ea
839 2934 919 2997 quae
939 2926 1030 2993 antea
1052 2920 1117 2993 dixi
1136 2922 1289 2998 ejusmodi
1308 2928 1396 3007 sunt,
1495 2956 1498 2961 Α

258 3020 293 3096 rit
314 3049 376 3096 non
397 3032 558 3094 videamur
577 3030 608 3091 in
631 3027 743 3091 llrltzli
758 3031 940 3105 conjectura
963 3032 1161 3107 acquiescere
1183 3031 1305 3094 dedere.
1333 3030 1395 3095 De·
1491 3032 1495 3038 “

255 3145 349 3221 nique
386 3157 454 3205 rem
480 3156 499 3201 a
528 3137 652 3215 Vellejo
690 3139 804 3202 litteris
842 3136 1017 3202 mandatam
1054 3138 1201 3204 Valerius
1236 3138 1396 3207 Maximus

256 3254 291 3336 7,
313 3254 346 3335 l,
369 3252 390 3317 5
412 3252 460 3316 tris
489 3256 712 3313 commemorat
738 3250 864 3333 vertis:
902 3251 1112 3325 memorabilis
1148 3250 1243 3314 ettam
1275 3252 1396 3315 consilli

258 3360 298 3445 Q.
321 3361 479 3427 Metellus.
526 3359 588 3443 Qut
610 3376 679 3428 eum
700 3360 905 3439 proconsule
928 3361 1042 3423 bellum
1064 3363 1096 3425 in
1111 3359 1261 3439 Hispania
1284 3364 1395 3448 adrer-

258 3488 313 3535 sds
329 3460 502 3535 Celtiberos
517 3476 645 3547 gereret
658 3473 829 3549 urbemque
848 3465 1060 3549 Contrebiam,
1084 3476 1177 3549 eaput
1192 3475 1264 3547 ejus
1277 3473 1395 3554 gentis,

258 3583 380 3646 viribus
401 3597 582 3661 expugnare
602 3598 664 3645 ron
687 3585 815 3659 posset,
847 3580 929 3641 intra
951 3585 1062 3656 pectus
1085 3594 1177 3651 suum
1206 3581 1336 3647 multum
1358 3599 1396 3647 ae

259 3693 312 3755 dio
327 3694 465 3755 consiliis
485 3693 625 3773 agltatis,
649 3676 872 3768 vlam-reperit
885 3704 944 3767 qua
966 3690 1219 3767 propositum
1241 3693 1279 3753 ad
1305 3695 1393 3758 exi.-

258 3810 338 3887 tum
378 3803 643 3884 perduceret,
678 3814 784 3877 duem
826 3800 928 3863 losum
973 3812 1063 3863 nemo
1102 3800 1202 3873 adhue
1236 3802 1394 3881 interpres

259 3912 374 3975 attulit.
1214 3910 1215 3913 ’

722 4122 937 4130 --————-—--—---
