3517 5350
349 648 409 713 iius
430 652 507 715 satis
530 668 643 731 operae
664 653 808 732 navavit,
832 659 938 718 tamen
961 655 1041 718 falsa
1062 654 1100 716 de
1121 654 1192 729 ejus
1213 653 1404 732 praestantia
1423 654 1487 734 opi-

350 785 442 849 nione
464 775 611 854 seductus
631 789 759 852 nimium
778 789 888 853 tribuit
909 787 1126 870 auctoritatis,
1148 782 1233 850 Frid.
1257 785 1412 872 Haasiua,
1440 789 1490 851 cui

350 919 487 984 omnium
509 922 661 987 editorum
683 923 848 1002 plurimum
870 923 962 986 debet
982 923 1116 1000 scriptor
1143 921 1293 1000 pristinae
1314 920 1500 999 integritati·
1624 939 1628 948 ·

350 1056 573 1137 restituendus,
597 1057 697 1135 praei.
719 1059 757 1120 ad
779 1058 852 1119 edit.
869 1021 985 1132 Vellet.
1008 1071 1038 1132 p.
1062 1050 1119 1116 lV.
1143 1055 1186 1116 ita
1205 1047 1339 1139 judicat,
1364 1011 1398 1121 ut
1416 1057 1489 1119 huic

351 1190 449 1252 codici
485 1197 540 1254 aut
575 1191 691 1256 nullam
725 1197 781 1254 aut
819 1192 966 1278 exiguam
1008 1189 1170 1252 admodum
1208 1193 1239 1252 et
1274 1181 1489 1254 secundariam

349 1324 439 1388 iidem
463 1326 658 1390 tribuendam
680 1343 752 1390 esse
766 1327 859 1389 dicat.
896 1323 1267 1388 ·Amerhacl1ianusenim
1288 1325 1368 1388 liber
1383 1339 1491 1402 quam-

352 1474 442 1536 quam
467 1462 587 1540 aliquot
616 1475 686 1523 cum
708 1446 806 1525 donas
827 1461 921 1522 habet
944 1460 1117 1536 scripturas
1146 1461 1212 1520 tum
1243 1460 1419 1541 ejusmodi,
1446 1474 1489 1522 ex

351 1594 464 1669 quidus
499 1595 622 1659 facilius
657 1601 819 1673 quam‘ex
844 1594 980 1657 editione
1016 1593 1153 1672 principe
1176 1577 1294 1655 'veram
1325 1593 1490 1656 lectionem

352 1741 463 1807 eruas,
496 1734 597 1794 tamen
621 1731 772 1810 exemplis
793 1747 813 1794 a
831 1727 1003 1793 laurentio
1013 1723 1041 1810 ¹)
1065 1731 1097 1791 et
1118 1721 1275 1804 liritzio²l
1298 1725 1399 1789 allatis
1422 1725 1490 1804 qui-

351 1863 398 1924 vr's
435 1862 520 1926 videt
553 1827 706 1928 malarum
739 1866 962 1944 scripturarum
982 1873 1159 1926 ‘numerum
1197 1862 1293 1927 donas
1329 1866 1491 1939 tantopere

352 2009 517 2076 superare,
541 2005 577 2063 ut
596 2002 633 2062 de
654 2003 775 2077 maiore
796 2000 982 2062 auctoritate
1004 1995 1202 2059 Amerbaolrii
1230 1996 1309 2059 libro
1328 1997 1492 2059 tribuenda

340 2128 484 2206 'cogitari
512 2150 574 2196 non
602 2135 711 2214 possit.
765 2133 867 2217 Quid?
901 2131 992 2216 Quod
1024 2130 1194 2195 Rhenanus
1223 2135 1316 2209 atque
1343 2128 1493 2195 Burerius

353 2266 591 2332 amerpachium
622 2287 685 2334 non
715 2271 816 2334 solum
844 2269 984 2332 doctrina
1014 2271 1047 2328 et
1074 2267 1221 2350 ingenio,
1259 2279 1368 2328 varum
1400 2267 1492 2327 etiam

352 2403 491 2469 codicum
514 2407 711 2484 antiquorum
739 2407 945 2481 legendorum
967 2389 1078 2480 peritia
1101 2403 1231 2465 multum
1253 2404 1492 2479 superaverunt.

355 2504 460 2617 Quare
482 2544 568 2602 recta
595 2541 675 2604 ratio
696 2541 854 2621 postulat,
885 2543 920 2600 ut
942 2537 1068 2600 editioni
1090 2537 1220 2614 principi
1242 2537 1360 2612 primus
1381 2535 1414 2598 in
1435 2549 1494 2598 usu

354 2674 593 2758 arduconem,
617 2646 823 2738 Amaroaonio
846 2674 1004 2736 secundus
1026 2665 1254 2749 assignaturi).

440 2806 595 2891 Quoniam
617 2809 715 2887 igitur
745 2825 858 2888 operae
879 2809 1023 2885 pretium
1046 2809 1095 2868 est
1116 2805 1253 2869 animum
1274 2806 1438 2871 advertere
1461 2808 1499 2872 ad

356 2942 567 3020 varias'quae
595 2944 628 3006 in
647 2945 713 3021 ipsa
746 2943 882 3007 editione
915 2942 1054 3020 principe
1083 2941 1283 3017 reperiuntur
1312 2907 1496 3025 scripturas,

356 3076 521 3140 editionem
558 3080 727 3157 principem
761 3081 828 3158 ipse
862 3077 1031 3153 diligenter
1060 3077 1206 3159 excussi,
1245 3076 1386 3155 exemplo
1420 3091 1498 3140 usus

357 3211 557 3275 uiidotirecae
583 3200 750 3297 lenensis,
778 3214 915 3275 nondum
937 3218 1029 3275 antea
1051 3212 1184 3293 collato,
1213 3206 1254 3271 ex
1276 3224 1337 3288 quo
1358 3212 1497 3276 intellexi

356 3347 593 3425 discrepantiam
616 3348 699 3411 illam
723 3348 816 3426 quam
846 3346 968 3427 primus
990 3342 1128 3409 Orellius
1156 3344 1373 3408 animadvertit
1395 3346 1427 3409 in
1452 3348 1498 3411 di·

356 3485 456 3545 uersis
476 3485 616 3559 ejusdem
640 3483 785 3547 editionis
800 3482 948 3561 exemplis
972 3480 1158 3558 deprehendi
1179 3495 1242 3543 non
1265 3496 1388 3543 omnem
1407 3484 1445 3544 ab
1461 3498 1499 3545 eo

358 3602 497 3680 notatam
518 3634 599 3683 esse.
647 3617 737 3702 Quod
759 3621 840 3682 idem
862 3618 938 3681 vidit
955 3618 1023 3693 jam
1046 3614 1201 3695 incastos,
1231 3630 1299 3677 cum
1322 3618 1498 3695 exemplum
1540 3643 1544 3651 ·

323 3814 331 3832 ,
358 3732 561 3816 oiuiioilrecae
592 3756 697 3831 regiae
717 3752 975 3818 Vratislaviensis
999 3752 1100 3825 denuo
1122 3753 1268 3813 accurate
1289 3756 1497 3829 perscrutare·

426 4028 455 4093 1)
476 4027 517 4081 cd.
536 4024 667 4079 Laurentii
686 4025 922 4079 commentationem
948 4024 1013 4077 dher
1031 4022 1081 4076 dan
1095 4024 1184 4077 Warih
1202 4022 1249 4076 der
1267 4022 1499 4076 Amerbaelrisclren

359 4118 525 4172 llandsclrriit
561 4118 708 4187 inscriptam
738 4119 765 4170 in
788 4118 868 4173 Novis
891 4118 993 4171 Annali.
1020 4116 1086 4171 Phil.
1113 4122 1139 4169 ct
1161 4116 1241 4171 Paed.
1265 4117 1316 4171 vol.
1342 4116 1375 4167 Vl
1398 4115 1461 4171 lare.
1485 4116 1500 4169 1

359 4226 417 4281 pag.
435 4210 517 4265 1-9
536 4212 643 4280 ejusque
660 4212 843 4281 praelationem
861 4211 894 4263 ad
912 4212 981 4263 locos
999 4210 1144 4280 Vellejanos
1161 4225 1221 4281 pag.
1238 4209 1394 4265 Xll-lllll.

428 4306 458 4373 2)
477 4305 533 4359 uid.
551 4305 645 4359 Kriizii
662 4305 784 4375 Prolepg.
798 4321 859 4377 pag.
878 4303 1126 4359 dxxvi-cxxv.

427 4399 459 4467 3)
476 4400 515 4455 ci.
535 4399 628 4454 Kritzii
645 4399 765 4469 Prolegg.
782 4414 841 4470 pag.
860 4396 960 4454 cxiii.
