3517 5350
838 611 1055 626 ΛΜΛΛΝΆΙΜΛΝἿ
1059 615 1065 623 ι

859 731 905 821 u,
932 733 986 816 cc,
1012 735 1042 800 1.

467 905 511 991 ll,
530 904 586 991 ee,
609 903 627 971 l
651 905 925 1004 scribittvcllelns
946 906 985 969 de
1008 905 1146 970 Antonin
1169 910 1200 967 et
1218 903 1356 990 Lepido,
1391 921 1523 984 quorum

383 1023 516 1096 uterque
543 1017 651 1082 hostes
675 1018 809 1095 judicati
836 1022 946 1086 erant:
977 1032 1047 1092 cum
1070 1017 1160 1078 ambo
1181 1015 1310 1104 mallent
1336 1017 1395 1080 sibi
1424 1031 1522 1082 nun-

360 1108 485 1191 ·'tlari
507 1129 579 1207 quid
600 1129 684 1206 passi
706 1132 836 1210 essent,
859 1143 952 1206 quam
974 1129 1045 1204 quid
1068 1125 1296 1209 meruissent,
1330 1131 1523 1205 repugnante

244 1243 248 1251 ’
360 1233 521 1303 ·Gacsarc
542 1240 598 1301 scd
620 1239 738 1303 trustra
760 1240 914 1304 adversus
937 1240 1028 1322 duos,
1050 1239 1258 1316 instauratum
1277 1232 1398 1301 Sullani
1420 1253 1524 1302 exem·

380 1349 425 1426 pli
446 1349 575 1437 malum,
597 1350 794 1427 proscriptio.
901 1337 903 1343 ’
1182 1358 1215 1407 ἡ

429 1523 434 1532 ,
465 1457 502 1522 in
531 1451 600 1521 lucc‘
619 1459 691 1522 loco
721 1458 926 1539 grammatice
956 1459 1058 1522 omnia
1089 1455 1301 1540 conveniunt,
1343 1457 1446 1555 omnis
1468 1471 1521 1522 au-

383 1573 446 1632 ten
466 1566 637 1641 difficultas
664 1569 698 1633 in
720 1583 783 1634 uno
803 1568 960 1632 vocabulo
991 1567 1177 1632 nuntiari
1205 1573 1254 1631 est
1274 1567 1414 1647 inclusa,
1442 1567 1523 1645 quod

381 1694 423 1740 ne
458 1684 612 1742 mutatum
651 1679 775 1758 quidena
815 1693 882 1742 rem
921 1677 1084 1762 expediat,
1129 1681 1175 1741 ut>
1197 1677 1383 1755 scripturam
1416 1691 1523 1741 veram

377 1803 454 1850 csse
488 1788 583 1851 lateri
620 1803 791 1874 cogantur,
829 1789 1034 1870 scriptorem,
1072 1788 1155 1865 pund
1191 1787 1235 1850 lta
1268 1788 1383 1870 vellet,
1421 1789 1522 1851 minus

379 1913 454 1961 ,esse
482 1898 613 1962 dilucide
642 1898 795 1964 loctunm.
840 1897 945 1984 Verba
975 1902 1081 1962 autem
1111 1898 1312 1961 obscuriora:
1344 1911 1412 1960 cum
1433 1899 1523 1960 anulo

311 2063 315 2070 .
381 2006 593 2076 mellentslbi
614 2007 752 2078 nuntiari
774 2042 813 2054 -·
837 2009 1065 2090 tumuissent,
1089 2009 1135 2078 sic
1158 2007 1397 2086 explicaverim:
1421 2006 1524 2071 Anto-

371 2117 455 2185 „nius
481 2122 514 2180 et
539 2115 697 2202 Lepidus,
732 2117 842 2181 hostes
868 2117 989 2197 patriae
1016 2117 1169 2202 judicati,
1207 2119 1385 2182 maluerunt
1415 2117 1523 2181 audire

383 2229 422 2290 au
443 2228 532 2311 allis,
560 2239 622 2306 qua
648 2228 765 2304 iniuria
792 2232 885 2306 atque
918 2229 1088 2304 ignominia
1118 2229 1185 2307 ipsa
1204 2229 1401 2322 ,damnatione
1422 2229 1524 2292 allecti

376 2343 509 2420 ment,
545 2352 637 2416 quana
675 2339 747 2415 quid
779 2339 951 2404 sceleribus
985 2339 1051 2402 suis
1079 2341 1300 2403 emeruisscnt.
1351 2335 1420 2401 lioc
1445 2354 1524 2409 vcro

384 2453 592 2532 meruerunt,
614 2452 651 2512 ut
671 2465 691 2510 a
712 2453 823 2512 senatu
844 2449 951 2512 hostes
973 2449 1093 2527 patriae
1109 2450 1338 2524 judicarentur.

436 2607 439 2610 -
463 2558 736 2642 Quemadmodum
765 2561 928 2624 obscurius
946 2561 1014 2622 hoc
1033 2559 1132 2642 ¹loco,
1168 2561 1214 2622 ita
1241 2560 1334 2622 ctiam
1361 2553 1405 2638 11,
1438 2554 1469 2634 9,
1501 2556 1521 2618 5

314 2755 317 2762 .
383 2667 525 2746 Velleius
540 2669 684 2733 consulto
698 2671 862 2748 scripsisse
877 2671 1032 2751 putandus
1047 2671 1107 2734 erit
1124 2671 1195 2733 belli
1218 2669 1363 2733 civilis
1385 2665 1521 2731 Sulla-

383 2780 528 2857 nique,
559 2778 612 2841 ubl
632 2782 816 2856 conjectura
838 2779 1083 2863 „socialis“
1111 2794 1168 2857 pro
1197 2779 1337 2844 civilis
1359 2793 1421 2841 non
1444 2791 1524 2855 opus

376 2895 446 2973 ast,
463 2890 524 2956 ¹scd
554 2888 670 2958 bellum
692 2888 857 2957 Sullanum
885 2905 955 2955 curn
975 2889 1191 2969 Raphelengtc
1221 2888 1454 2967 intelligendum
1476 2891 1525 2951 cst

384 3002 422 3063 do
444 3000 525 3065 laelio
547 3014 619 3064 cum
640 2998 819 3066 Mithridate
845 3004 949 3079 gasto,

839 3153 1066 3165 meon-*1

789 3376 794 3381 ⁸
867 3292 909 3375 ll,
933 3293 989 3381 aa,
1013 3295 1044 3358 t.

468 3460 511 3544 11,
533 3460 590 3548 ot,
605 3464 623 3528 1
637 3492 645 3528 ι
672 3466 769 3542 dulus
788 3468 885 3529 lodus
900 3466 1049 3545 temporis
1073 3467 1232 3531 tartunam
1248 3479 1315 3529 nec
1330 3465 1443 3527 dedara
1456 3462 1522 3541 qui-

384 3576 453 3638 dem
471 3577 639 3655 ,quisquam
661 3578 738 3640 satis
761 3578 853 3653 digne
878 3578 1204 3658 potau,adeonen10
1227 3575 1403 3654 exprimere
1415 3574 1523 3675 uerbis

250 3713 252 3722 ,
375 3688 498 3762 potest.

471 3794 538 3887 Hoc
561 3796 630 3858 loco
653 3795 782 3859 Amori.
807 3799 840 3857 et
860 3796 994 3874 exempl.
1025 3797 1075 3859 ed.
1099 3812 1148 3875 pr.
1172 3792 1270 3865 Basll.
1295 3800 1327 3858 ct
1347 3793 1520 3869 uannnag.

375 3903 533 3968 -cxllllaent
555 3905 897 3987 ‚‚nec·quidenr“‚
929 3908 1011 3984 quod
1033 3909 1066 3973 lu
1081 3906 1252 3984 exemplari
1273 3910 1402 3969 vetusto
1423 3905 1524 3968 luisse

385 4014 537 4079 Burerlus
567 4015 714 4078 affirmat.
760 4012 852 4098 Quod
880 4017 926 4079 ita
947 4017 1045 4083 luisse
1067 4017 1210 4095 quamvis
1235 4016 1344 4091 negari
1366 4031 1428 4080 non
1450 4030 1522 4093 pos

382 4124 436 4211 sit,
458 4130 561 4190 umen
583 4126 843 4216 nec-puidam
862 4128 1010 4191 villosum
1031 4132 1091 4207 est,
1116 4127 1188 4206 puta
1202 4130 1311 4189 contra
1326 4130 1524 4189 constantem

384 4240 527 4299 veterum
556 4238 743 4314 scriptarum
772 4251 864 4301 usum
889 4242 1060 4317 repugnat.
1107 4236 1248 4326 Veteres*
1270 4237 1457 4315 scriptores,
1488 4238 1525 4296 ut

384 4344 562 4423 Madvigius
592 4348 630 4409 ad
653 4342 721 4411 Clo.
755 4348 791 4409 de
813 4347 866 4410 du.
892 4344 931 4427 2,'
948 4345 981 4427 8,
1003 4348 1044 4412 25
1064 4363 1095 4425 p.
1118 4342 1184 4412 282
1209 4346 1322 4431 dccet,
1347 4342 1530 4423 particula?

339 4538 343 4545 .
383 4471 454 4520 rum
475 4458 714 4537 nec-quidem
733 4458 884 4534 iunctura
900 4472 1030 4536 prorsus
1048 4456 1279 4537 abstinuerunt,
1304 4456 1372 4519 slve
1393 4468 1449 4517 cac
1465 4468 1523 4531 pro
