3517 5350
910 498 954 568 42

817 590 1046 604 mmm

363 693 396 757 et
417 689 534 774 bbulis,-
557 691 669 769 quibus
692 671 777 754 suris
797 691 1060 755 subnectebantur
1075 688 1232 754 cothurni.
1255 689 1298 756 ld
1315 692 1398 755 enim
1419 683 1502 770 ouo'd

363 795 500 864 0reilius
522 802 602 864 dixit
628 801 662 863 in
683 801 837 876 tragicum
857 804 979 864 tuntum
999 799 1205 881 cothurnum,
1241 817 1303 866 nou
1326 802 1357 866 in
1379 804 1501 866 venati·
1525 827 1528 832 ·

363 925 433 973 cum
457 912 559 994 cadit,
581 911 653 989 quia
675 910 820 973 cothurni
841 909 988 988 venatici,
1013 913 1048 972 ut
1071 924 1110 972 ex
1133 911 1246 974 statuis
1268 909 1425 975 Bacchum
1445 915 1501 976 iin-

361 1022 508 1098 gentibus
522 1021 601 1085 satis
615 1021 828 1104 cognoscitur,
852 1036 914 1083 non
930 1019 1037 1084 lasoiis
1059 1021 1092 1081 et
1112 1020 1216 1083 tibulls
1239 1021 1322 1084 suris
1336 1023 1500 1084 subnecte-

362 1132 500 1216 bantur,
538 1133 593 1221 sed
624 1132 683 1208 ipsi
713 1129 744 1194 iu
775 1132 878 1194 antica
912 1135 1001 1208 parte
1033 1129 1167 1192 vinculis
1203 1132 1500 1207 constringebantur

360 1242 463 1319 iisque
494 1242 655 1304 constricti
682 1242 792 1320 pedem
818 1255 919 1318 usque
942 1240 979 1303 ad
1002 1240 1131 1302 mediam
1162 1241 1265 1304 tibiam
1289 1243 1497 1306 includebant.

361 1346 464 1428 Cujus
493 1351 613 1415 iormae
641 1365 822 1429 expressam
852 1352 920 1414 iere
950 1349 1122 1427 imaginem
1148 1351 1263 1415 intueri
1293 1353 1364 1415 licet
1385 1355 1416 1415 in
1439 1352 1500 1414 ele-

361 1463 506 1538 gantlorc
521 1461 582 1526 lllo
605 1461 745 1526 calceatu
767 1475 829 1539 quo
853 1460 1042 1525 honestioris
1069 1460 1214 1524 fortunae
1234 1461 1294 1525 virl
1317 1468 1410 1540 atque
1432 1477 1500 1526 mu·

347 1548 454 1634 ‘lieres
481 1577 626 1636 utuntur.
671 1569 724 1637 Ci.
749 1569 891 1635 Baldnini
924 1569 1161 1648 disputationem
1183 1572 1221 1634 dc
1243 1571 1348 1636 calceo
1371 1573 1499 1650 antiquo

361 1697 394 1758 p.
416 1679 481 1747 142
499 1697 568 1760 squ.
605 1678 703 1747 Beck.
727 1680 808 1747 Gall.
834 1683 909 1744 edit.
931 1678 963 1743 3.
986 1697 1017 1760 p.
1041 1679 1099 1762 ili,
1125 1679 1189 1746 166
1210 1697 1278 1760 sqq.

817 1879 1043 1890 Ἣ

843 2063 965 2150 mer,
990 2063 1022 2130 i.

444 2234 568 2322 insi,
597 2233 688 2302 led.
711 2253 782 2317 pr.:
815 2232 984 2316 Cleopatra
1015 2237 1176 2303 frustratis
1198 2239 1380 2324 custodibus
1402 2239 1499 2303 inlate

320 2436 322 2443 y
358 2350 499 2427 aspide
520 2363 658 2412 morsu
680 2364 779 2411 sanc
801 2351 892 2424 ejus
916 2365 1030 2428 expers
1051 2349 1209 2414 muliebris
1232 2355 1333 2415 metus
1356 2351 1498 2429 spiritum

357 2461 501 2525 reddidit.
547 2456 683 2522 Burer.=
708 2458 900 2532 aspidein
918 2474 1053 2523 morsu
1075 2475 1171 2524 sane
1194 2464 1340 2544 ejus„a
1358 2476 1497 2538 quonon

356 2571 489 2634 multum
518 2569 674 2648 discrepat
701 2569 1047 2648 Amerb.'aspidem
1082 2587 1219 2634 morsu
1258 2587 1353 2634 sane
1390 2573 1492 2647 ejus.

356 2679 498 2745 iintztus
520 2677 687 2743 Burerium
716 2686 843 2751 secutus
866 2661 1063 2759 Cleopatram
1085 2686 1186 2745 metus
1208 2685 1368 2763 expertem
1395 2680 1496 2745 luisse

356 2791 480 2869 inipso
503 2804 626 2853 morsus
648 2794 805 2853 momento
821 2790 906 2852 dicit.
931 2788 998 2852 lloc
1018 2792 1045 2853 si
1067 2790 1208 2868 Velleius
1229 2792 1372 2873 dixisset,
1396 2792 1497 2854 oratio

356 2902 450 2965 nimis
481 2901 657 2977 langueret.
702 2898 785 2964 Nam
809 2883 977 2977 Cleopatra
1006 2918 1067 2965 non
1095 2905 1185 2965 modo
1219 2902 1341 2979 inipso
1369 2903 1496 2965 morsus

357 3006 513 3077 momento
543 3010 596 3073 vel
624 3012 696 3074 dum
725 3010 811 3087 aspis
840 3010 962 3074 mordet
989 3016 1075 3075 metu
1097 3012 1241 3095 vacavit,
1273 3013 1355 3089 quod
1378 3026 1435 3090 per
1460 3028 1495 3073 sc

356 3123 554 3201 perspicuum
578 3125 645 3201 est,
679 3120 733 3183 sed
755 3122 880 3183 omnino
903 3126 1006 3184 metus
1029 3137 1143 3199 expers
1170 3122 1267 3184 inisse
1289 3122 1497 3185 existimanda

357 3236 425 3315 est,
458 3232 540 3309 quod
569 3230 600 3292 id
622 3245 723 3307 genus
751 3232 861 3293 mortis
891 3231 950 3293 sibi
983 3232 1090 3309 elegit.
1143 3228 1298 3313 Quocirca
1329 3232 1495 3307 legendum

228 3359 237 3374 ·
357 3357 433 3405 esse
451 3340 614 3419 suspicor:
641 3341 737 3403 inlata
757 3340 862 3418 aspide
885 3354 1018 3404 morsa
1040 3358 1116 3405 sane
1138 3343 1267 3404 omnis
1290 3355 1405 3419 expers
1426 3356 1494 3405 mu-

286 3436 288 3441 ’
355 3452 465 3515 liebrls
494 3456 596 3514 metus
625 3451 768 3528 spiritum
797 3451 940 3513 reddidit.
985 3448 1124 3536 Quodsi
1149 3453 1398 3529 reposuerimus,
1432 3468 1495 3517 non

355 3563 447 3624 modo
470 3562 652 3639 particulam
674 3562 770 3623 san'e
791 3560 861 3624 loco
878 3575 936 3624 suo
951 3562 1082 3637 positam
1098 3562 1303 3643 inveniemus,
1327 3563 1380 3623 sed
1401 3564 1495 3623 etiam

353 3672 414 3734 boe
436 3684 659 3752 assequemur,
695 3674 730 3733 ut
751 3672 848 3734 totius
871 3671 1027 3734 enuntiati
1056 3674 1208 3735 sententia
1233 3670 1346 3747 Velleji
1368 3672 1492 3749 ingenio

354 3784 455 3857 magis
477 3781 519 3843 sit
540 3780 783 3857 accommodata.
829 3778 945 3844 'l'otum
967 3786 1071 3864 autem
1094 3784 1196 3845 loeom
1219 3782 1319 3860 patrio
1347 3794 1492 3845 sermone

353 3892 402 3955 sic
423 3890 654 3953 converterim:
679 3888 844 3969 Cleopatra
867 3892 1011 3955 tiiuscbte
1027 3893 1101 3955 iure
1123 3893 1299 3973 Wlicbter,
1330 3891 1404 3954 liess
1426 3891 1501 3979 sicli·

354 4003 423 4065 eine
445 4000 562 4065 Natter
582 4002 714 4079 bringeri
736 4003 799 4065 und
822 4004 904 4081 gab,
929 4018 990 4065 von
1014 4002 1360 4085 dorsclben-gebissen,
1382 4002 1415 4063 in
1437 4002 1493 4063 dar

352 4109 438 4176 Thai
460 4112 520 4174 lrei
541 4127 606 4175 von
629 4113 707 4175 aller
729 4110 912 4175 weiblicben
928 4110 1048 4175 Furclrt
1068 4111 1156 4176 ibren
1173 4110 1263 4189 Geist
1286 4112 1351 4176 aui.
1374 4108 1492 4173 Vocem

354 4222 482 4285 omnis
509 4221 656 4285 facillime
686 4224 772 4285 abire
802 4223 943 4301 potuisse
970 4222 1003 4287 ln
1035 4225 1129 4301 ejus
1160 4239 1221 4285 nou
1251 4223 1409 4299 estquod
1440 4221 1491 4283 de·

351 4336 541 4415 monstrem,
573 4332 614 4395 cl.
641 4331 756 4411 Vellei.
779 4331 806 4414 i,
830 4330 864 4417 8,
886 4332 925 4399 2:
958 4350 1019 4412 quo
1042 4334 1163 4411 quidem
1185 4334 1218 4395 in
1238 4333 1359 4396 ludicro
1377 4333 1492 4395 omnis·

177 4406 185 4421 ⁹
352 4457 414 4522 oue
435 4442 563 4521 generis
593 4446 797 4509 certaminum
820 4442 972 4545 Hercules
999 4442 1103 4508 victor
1123 4444 1246 4525 extitit,
1277 4444 1330 4507 ubi
1350 4439 1492 4507 liritnius
