3517 5350
800 496 841 566 41

254 688 376 769 ιιιιιιιιιιιι
395 691 677 772 commemoratur,
698 687 790 776 “„qnt
809 660 990 769 ¹enmouila
1013 689 1045 748 et
1066 685 1228 753 cothurnis
1247 700 1393 752 nummos

251 799 365 879 populo
388 799 427 861 do
447 799 559 864 rostris
581 812 730 876 spargere
749 795 913 863 ·soiedot“.
937 792 970 858 Is
993 809 1069 858 vero
1089 795 1273 880 cothurnus,
1297 811 1389 875 quem

255 912 323 974 iere
345 914 475 987 gestans
495 905 637 971 Baccnm
656 909 689 972 in
711 909 824 972 statuis
845 907 995 984 ungitur,
1029 922 1048 967 ιι
1070 907 1188 980 tragico
1211 921 1247 969 co
1271 911 1392 971 tontum

252 1021 426 1102 didercom,
450 1019 530 1096 quod
547 1023 580 1082 et
595 1019 793 1082 artificiosius
813 1017 1004 1096 conpositus
1019 1019 1088 1078 eret
1109 1021 1141 1078 ot
1162 1019 1276 1081 crossis
1298 1017 1393 1084 soleis

253 1131 395 1194 suocreis
425 1130 570 1209 euredus,
602 1128 777 1192 simillimus
806 1130 950 1207 quemvis
971 1128 1111 1196 ornatior
1134 1131 1202 1190 erut
1224 1128 1391 1212 cothurno,

173 1283 178 1287 ψ
253 1256 316 1319 quo
345 1255 385 1303 ne
406 1254 500 1304 crum
523 1241 665 1303 sentinus
696 1243 731 1301 et·
750 1238 890 1302 silicibus
911 1237 1111 1300 laederentur
1131 1219 1300 1300 venatores
1322 1242 1392 1302 nic-

251 1351 377 1415 tentur.
428 1345 481 1413 Gi.
512 1349 640 1414 Antonii
668 1347 771 1412 Ricidi
807 1350 1008 1428 antiqnitates
1038 1361 1118 1410 rom.
1149 1363 1182 1426 p.
1213 1345 1291 1412 194.
1321 1347 1393 1412 Tali

252 1461 353 1538 igitur
380 1461 473 1524 ruodo
502 1459 632 1537 etquid
658 1459 846 1524 discriminis
872 1462 1041 1522 interesset
1067 1459 1151 1522 inter
1181 1459 1242 1522 trin
1264 1458 1317 1522 ilia
1340 1476 1394 1522 co-

252 1571 360 1636 thurni
387 1585 505 1648 genere
535 1575 567 1633 et
596 1571 634 1632 de
664 1584 727 1648 quo
760 1570 913 1634 cothurno
942 1567 1109 1646 Veliejeno
1146 1568 1214 1632 loco
1242 1576 1394 1648 ageretur·

253 1683 330 1744 setis
352 1683 537 1759 exposuisse
559 1681 632 1744 mini
647 1682 765 1744 videor.
796 1677 866 1745 anr
883 1695 924 1742 ex
938 1681 977 1744 iis
1000 1695 1080 1758 qnae
1097 1694 1197 1757 supra
1220 1680 1392 1756 disputavi-

254 1805 323 1854 mus
351 1793 553 1878 consequitur
573 1790 753 1854 Runokenii
782 1793 996 1867 conjecturem
1026 1804 1095 1852 cunr
1125 1789 1330 1868 exemplant
1353 1806 1391 1854 eo
1520 1833 1524 1838 -
1632 1761 1633 1826 3

254 1899 347 1964 olletn
378 1904 554 1979 pertineant
582 1901 685 1963 omnia
713 1900 752 1963 ad
771 1901 928 1977 tragicum
957 1901 1144 1964 cothurnum
1166 1901 1216 1963 hic
1237 1917 1299 1964 non
1322 1915 1394 1964 esso

252 2006 455 2088 probandum.
499 2009 612 2074 Restat
626 2011 687 2074 hoc
702 2025 814 2094 unum,
834 2015 870 2075 ut
892 2011 982 2074 lectio
995 2010 1126 2087 vulgata
1145 2011 1393 2088 succinctus

253 2135 328 2185 ιιιιιιι
358 2127 443 2185 recte
480 2122 601 2186 dicetur
633 2121 807 2187 videamus.
861 2120 952 2203 Quod
984 2127 1019 2188 ιιι
1049 2135 1273 2201 assequemur,
1313 2137 1395 2199 quae
1488 2195 1491 2202 .

254 2231 443 2307 significatio
464 2231 592 2294 insitio
613 2232 768 2297 vocabulo
791 2232 1032 2296 succinctus
1059 2231 1243 2307 indagemus
1264 2245 1394 2296 neeesse

256 2344 317 2404 est.
361 2339 517 2405 Nimirum
548 2342 749 2418 succingendi
770 2341 959 2406 vocabulum
982 2342 1058 2404 duas
1079 2341 1172 2404 hence
1193 2341 1397 2417 significatio-

255 2465 331 2530 nes,
355 2456 411 2514 ant
430 2453 512 2514 enim
535 2453 650 2514 retinet
670 2453 732 2514 vim
754 2452 814 2531 iusi
834 2453 1012 2532 proprium,
1041 2451 1124 2527 quod
1143 2450 1323 2528 pierumque
1345 2451 1392 2530 iit,

254 2566 291 2626 ut
321 2561 510 2640 respondent
535 2567 645 2625 nostro
675 2562 827 2625 vocabulo
857 2557 1064 2641 nmgiirten1)
1091 2561 1144 2624 vel
1172 2559 1328 2636 significet
1349 2561 1396 2625 iia

254 2674 434 2754 instrucre,
464 2679 593 2736 utrem
619 2671 723 2737 cinctu
748 2674 976 2755 adiungemus,
1013 2676 1070 2736 eut
1097 2672 1129 2737 vi
1157 2671 1250 2735 letius
1277 2674 1396 2750 patenti

254 2788 438 2866 usurpator,
463 2788 498 2846 ιιι
511 2785 553 2847 sit
565 2799 583 2846 s
594 2785 813 2849 uceioetus
825 2785 906 2846 idem
921 2785 1249 2861 atoueinstrnctus
1264 2785 1393 2847 notione

255 2894 398 2972 cingendi
418 2895 508 2972 olene
530 2892 695 2972 omissa2).
738 2892 807 2956 Huc
829 2896 991 2957 antemio
1012 2908 1074 2971 quo
1099 2894 1221 2968 egimus
1242 2893 1312 2956 loco
1329 2910 1395 2957 non

257 3004 347 3067 aliem
370 3004 431 3067 nisi
453 3003 611 3084 propriam
637 3004 722 3066 iliam
744 3004 1004 3079 significationem
1026 3003 1098 3065 hnic
1118 3002 1273 3068 vocabulo
1295 3004 1395 3080 subii-

255 3116 395 3179 cieudnm
424 3128 495 3177 csse
525 3113 617 3175 facile
646 3118 699 3181 ost
717 3112 889 3175 intellectu.
935 3110 1059 3177 Etenim
1088 3112 1259 3175 cothurnus
1285 3114 1395 3189 oedem
1487 3188 1489 3193 .

256 3240 355 3303 usque
377 3226 416 3287 od
439 3238 544 3288 suram
566 3224 682 3303 cingit,
698 3238 805 3318 quere
826 3224 880 3301 oui
901 3222 1087 3286 cothurnum
1110 3197 1215 3299 gestet
1238 3224 1396 3301 notissime

211 3335 409 3405 ,cothurno
439 3336 618 3399 succinctus
643 3337 786 3397 vocatur.
829 3331 930 3397 Recte
949 3335 1047 3411 igitur
1070 3331 1206 3397 Hessius
1235 3334 1396 3409 vulgatum
1453 3394 1456 3399 ,
1522 3360 1531 3383 ·
1634 3322 1635 3367 ³

256 3445 421 3509 lectionem
444 3449 571 3529 tuetur,
594 3458 779 3523 quamquem
804 3439 913 3507 Oreitii
932 3443 1086 3507 sententio
1111 3458 1172 3521 qne
1194 3442 1304 3506 nititur
1324 3459 1398 3521 pro·

255 3557 356 3621 dende
384 3572 448 3620 non
477 3560 544 3639 cst,
576 3556 629 3634 oui
660 3555 698 3616 ed
727 3551 803 3617 Tac.
835 3570 909 3617 ann.
942 3552 995 3636 11,
1020 3551 1074 3635 31,
1108 3553 1161 3615 ubi
1191 3553 1324 3615 feminee
1354 3568 1397 3617 ex

254 3664 451 3733 Baccharum
471 3679 559 3729 more
584 3665 742 3742 ocultoos
755 3667 978 3729 eoeinetae
999 3666 1297 3747 commemorantur,
1317 3664 1395 3728 haec

256 3778 435 3843 adnotavit:
458 3774 637 3843 succinctus
658 3778 738 3853 opud
757 3774 873 3851 Vellej.
893 3774 927 3854 2,
949 3771 1003 3858 82,
1027 3775 1049 3838 4
1068 3773 1208 3851 intellige
1229 3771 1269 3835 de
1290 3773 1397 3841 insciis

326 4112 355 4177 1)
375 4113 420 4166 Sic
437 4112 530 4167 dicitur
549 4113 753 4167 succinctus
771 4112 864 4180 gladio,
883 4114 1003 4180 pugione,
1022 4112 1113 4176 cultro,
1132 4112 1210 4167 icero.
1224 4111 1266 4165 01.
1277 4111 1354 4167 Auci.
1364 4112 1396 4167 ed

256 4199 373 4254 Heroon.
390 4199 434 4271 iv,
452 4198 501 4265 523
519 4198 571 4251 cic.
589 4198 656 4252 Phii.
673 4198 715 4265 13,
732 4195 784 4264 16·,
800 4197 856 4250 Lis.
874 4198 900 4263 7,
917 4198 950 4261 53
968 4196 1042 4250 Suet.
1057 4196 1111 4250 dul.
1130 4198 1205 4249 coes.
1222 4194 1265 4262 84,
1284 4194 1310 4263 6,
1325 4196 1395 4264 Aug.

256 4281 300 4350 32,
314 4273 343 4349 ’2,
362 4280 476 4348 deligere
493 4280 535 4348 26,
552 4280 577 4350 2,
594 4280 636 4349 32,
655 4282 686 4349 73
703 4282 792 4336 viteli.
810 4281 852 4350 11,
871 4282 896 4334 1.
914 4282 967 4335 Cio.
986 4283 1011 4333 in
1030 4283 1103 4333 Verr.
1121 4282 1148 4349 5,
1165 4279 1209 4346 56,
1226 4278 1286 4333 116.

324 4366 355 4435 1)
375 4368 414 4420 Gi.
431 4367 487 4421 [ir.
511 4366 554 4432 21,
577 4364 627 4419 19:
652 4368 796 4420 succincto·
821 4368 897 4420 ermis
922 4364 1132 4435 legionibusque;
1156 4364 1254 4420 ductio.
1277 4364 1344 4435 6,1,
1360 4364 1396 4434 2;

258 4450 302 4519 35,
319 4453 343 4520 1,
361 4448 392 4507 da
414 4450 511 4506 viribus
529 4450 735 4507 succinctus
750 4452 845 4508 beilum
861 4453 995 4509 Demetrio
1012 4450 1101 4509 inient.
