3517 5350
252 696 290 752 et
308 704 348 752 nc
370 721 412 736 -
430 691 553 767 quidam
566 690 772 773 accipiuntur,
796 696 832 754 ut
846 704 924 754 nec
947 691 1175 767 copulandi
1188 692 1248 754 vim
1262 693 1402 770 'babenti'

251 799 319 862 sive
340 814 398 876 nro
421 801 532 862 etiam
547 813 587 862 ne
602 833 644 846 -
658 799 794 881 quldam‚
818 805 852 863 ut
868 816 935 864 nec
951 799 1209 876 gradationem
1223 799 1399 877 significat„

251 906 339 974 Inest
353 910 434 972 enim
453 910 485 972 in
507 909 669 988 particulis
691 911 907 988 ne-quidcm
927 911 1019 973 etiam
1042 910 1109 973 sinc
1131 911 1194 974 ulta
1206 911 1391 986 gradatione

251 1019 443 1096 adjungendi
464 1019 523 1083 uis.
571 1017 678 1102 Quane
699 1019 810 1099 minor,
832 1021 913 1098 quud
937 1019 1163 1085 uaaslnsncc
1186 1021 1300 1084 deflere
1324 1020 1392 1098 nul·

251 1130 321 1194 dem
349 1133 381 1194 in
402 1135 525 1194 textum
552 1130 684 1206 accepit.
731 1125 808 1192 Sine
828 1131 923 1192 dubia
943 1137 1013 1194 oum
1035 1131 1104 1194 aliis
1125 1132 1203 1194 lucis
1224 1131 1275 1196 ubi
1298 1147 1317 1194 a
1338 1131 1390 1193 de·

249 1242 416 1308 canonius
445 1241 601 1304 codicibus
637 1232 805 1302 exhibetur
830 1255 890 1302 nec
912 1249 954 1288 -'-
977 1238 1120 1319 quiden,
1147 1244 1213 1303 tum
1239 1241 1396 1306 hocloco
1511 1325 1514 1333 k

248 1355 290 1415 nte
311 1382 353 1400 -
374 1350 497 1430 quidam
520 1351 716 1414 scribendum
739 1354 803 1428 cst,
820 1352 906 1427 quod
928 1351 959 1414 in
983 1349 1140 1426 nonnullis
1155 1350 1315 1440 *exemplis
1339 1352 1388 1414 ed.

249 1459 313 1544 nn,
335 1464 373 1524 ui
390 1463 423 1524 in
444 1457 585 1540 lenensi
612 1475 651 1522 ex
671 1460 763 1523 tacita
783 1461 953 1538 &demque
974 1461 1139 1525 verissima
1151 1459 1296 1526 Rbcnanl
1317 1476 1390 1526 con·

246 1574 373 1648 lectuna
407 1571 577 1648 cenentur.
616 1569 677 1634 ¹lic
708 1571 929 1646 particularum
958 1585 1006 1650 nc
1028 1599 1069 1620 a·
1096 1571 1218 1651 quidam
1245 1585 1307 1634 usu
1336 1572 1388 1648 nui

248 1683 339 1760 plura
360 1671 497 1744 'sciscere
520 1681 605 1756 cunii
625 1681 655 1742 ei
676 1682 794 1757 copiam
811 1681 905 1744 iacict
918 1679 1099 1757 Madvigius
1119 1682 1151 1744 in
1171 1695 1310 1748 excursu
1330 1677 1388 1746 ΠΙ.
1479 1727 1481 1732 ,

249 1794 288 1854 ad
312 1794 365 1855 liu.
389 1790 423 1870 2,
446 1787 481 1872 8,
502 1788 559 1871 25,
581 1806 613 1868 n.
636 1768 833 1868 dtu-828,
857 1782 954 1869 aquo
969 1793 1217 1855 controversiam
1232 1790 1316 1854 illam
1332 1805 1389 1868 ner

250 1905 298 1965 tot
319 1916 418 1964 annos
439 1901 591 1963 celebrem
615 1901 737 1962 ondam
760 1902 897 1977 perbene
921 1902 1117 1979 dijudicatam
1139 1914 1213 1966 csse
1231 1901 1387 1964 existimo.

728 2280 773 2368 n,
795 2283 850 2366 aa,
873 2285 906 2349 2.

335 2453 377 2539 ll,
399 2454 455 2532 69,
478 2456 501 2517 2
521 2457 570 2518 cd.
602 2471 671 2532 nn:
705 2455 743 2518 C.
768 2453 899 2520 Cassius
927 2489 968 2500 -·-
999 2457 1153 2521 inclusum
1182 2454 1388 2532 Dolabellam,

247 2567 302 2646 qul
316 2571 539 2644 praeoccupata
562 2565 639 2628 Asia
652 2566 685 2628 in
701 2564 828 2642 Syriam
840 2570 1043 2648 pervenerat,
1065 2563 1252 2628 Laodiceam
1272 2579 1388 2642 exnu-

247 2683 372 2757 gnata
394 2694 439 2740 ea
460 2678 561 2739 urbe
581 2678 769 2745 leaena-t..
784 2676 970 2742 dinan-ct
987 2671 1311 2761 nudabrilaodicla
1329 2686 1389 2739 ex·

247 2794 367 2873 pugnat
386 2805 425 2852 ca
446 2789 523 2851 uabc
547 2788 676 2850 lecerat.

333 2897 515 2966 Genltivunn
539 2898 638 2978 uubis,
661 2914 754 2974 quem
775 2898 1102 2983 nodulatgvenborutu
1118 2900 1302 2978 alludium,
1323 2897 1387 2973 nai·

247 3023 318 3072 mus
332 3007 466 3072 Vossius
488 3011 573 3067 necte
592 3005 742 3068 restituit.
787 3004 910 3069 Deinde.
927 3008 1059 3068 verbum
1081 3007 1243 3068 icccnat
1265 3006 1387 3067 mutila-

245 3126 313 3182 tum
341 3132 411 3181 esse
441 3130 533 3203 nemo
563 3130 624 3178 non
653 3116 751 3177 uidet.
796 3114 844 3178 Ac
865 3109 1038 3177 Rhenanus
1067 3114 1210 3197 quidem,
1243 3116 1296 3192 qul
1317 3120 1390 3193 nnat

244 3243 354 3292 uocem
387 3228 486 3290 unbc
521 3226 635 3303 aliquid
665 3225 822 3288 excidisse
850 3230 978 3310 censet,
1016 3226 1093 3289 duas
1122 3226 1285 3302 pronosuit
1312 3240 1385 3287 cou-

240 3342 396 3421 jacturas,
413 3317 822 3419 altecamlntcriecenat‚
835 3333 1391 3425 Haasl·o'nrcbatan1,altaramcoln-A
1417 3332 1419 3343 '
1485 3321 1489 3328 ’

245 3452 424 3530 iecerat,
463 3448 547 3524 quod
574 3448 706 3509 verbum
735 3443 891 3511 licausius
921 3450 953 3508 et
981 3441 1112 3513 illudius
1135 3461 1217 3511 utun,¹
1234 3446 1386 3523 probante

244 3557 366 3623 lintizic
395 3560 592 3634 receperunt.
637 3541 789 3636 Equidem
817 3561 894 3643 nuto
916 3552 1030 3621 vultu
1060 3554 1245 3618 mutandunn
1261 3570 1331 3619 esse
1353 3554 1390 3617 in

242 3665 358 3732 LABE
379 3673 412 3731 et
433 3667 723 3744 cumlsubsequenli
744 3668 843 3730 verbo
863 3666 1025 3729 lecenat
1040 3666 1077 3729 ln
1100 3678 1197 3727 unum
1220 3654 1385 3729 conterno

245 3781 336 3862 duna,
364 3792 445 3854 noae
475 3778 648 3841 emendatio
670 3776 962 3855 'etolmnlicisslma
996 3780 1045 3838 est
1069 3780 1103 3838 et
1130 3775 1168 3838 ad
1197 3775 1386 3839 scnuutlam

243 3888 416 3966 andsslnua.
468 3885 517 3949 Ac
551 3902 628 3949 sane
656 3902 765 3949 vocem
794 3858 892 3975 nube
924 3885 1072 3950 incolumi
1106 3862 1264 3949 suadentia
1294 3884 1387 3947 iacilc

244 3999 356 4060 abesse
376 4000 470 4074 nossa
489 4002 619 4076 anneceb
640 3997 714 4060 coll.
736 3995 780 4081 ll,
803 3995 860 4081 94,
880 3997 919 4060 l:
944 4012 1017 4061 culn
1030 3998 1205 4074 legionibus
1219 3995 1385 4069 ingressus

242 4108 438 4189 Armeniam,
460 4110 631 4172 redacta
654 4122 698 4170 aa
719 4108 750 4170 in
767 4107 1073 4184 potestatennonuli
1094 4106 1227 4186 romani,
1250 4120 1382 4181 regnum

243 4221 313 4295 clus
342 4217 522 4281 Artauasdi
539 4217 635 4282 dedit.
681 4216 744 4299 Qui
774 4218 806 4278 in
834 4215 984 4278 uocabulo
1011 4214 1213 4279 labefactandi
1242 4216 1382 4295 offendit,

241 4331 270 4391 is
292 4312 437 4392 conferat
458 4330 552 4392 velim
567 4328 645 4393 Tac.
669 4344 744 4391 ann.
768 4322 810 4409 a‚·
825 4324 890 4390 ab:
912 4324 987 4389 nibil
1008 4325 1090 4389 bunc
1113 4326 1245 4390 amicitia
1261 4321 1382 4405 Seiani,

244 4438 298 4501 sad
318 4438 525 4503 labeiccil
545 4439 629 4503 baud
650 4440 755 4503 minus
778 4436 913 4501 validum
930 4436 969 4501 ad
984 4437 1081 4501 cxltln
1092 4434 1252 4521 Macronis
1264 4434 1379 4499 odiunt.
