3517 5350
685 1724 693 1766 l

343 1856 475 1925 Constat
504 1862 587 1923 inter
620 1875 727 1924 omnes
767 1863 818 1940 put
852 1862 884 1925 in
914 1853 1050 1958 antiquis
1086 1856 1201 1927 titteris
1228 1867 1401 1927 versantur

256 1982 370 2069 paucos
402 1997 564 2059 admodum
593 1999 735 2059 veterum
764 1996 934 2073 scriptores
963 2004 1027 2061 tam
1056 2000 1188 2063 multum
1220 2003 1252 2059 et
1281 1997 1399 2059 laoorls

255 2131 286 2189 et
307 2128 470 2193 molestiae
493 2088 719 2209 interprettous'
738 2135 769 2193 et
792 2132 909 2195 celticis
938 2134 1082 2195 attulisse
1111 2147 1203 2211 quam
1225 2129 1395 2207 Vellejum.

252 2259 334 2325 Nam
357 2278 428 2326 cum
451 2267 586 2328 omnium
608 2266 880 2341 lere-scriptorum
914 2266 1094 2346 latinorum,
1119 2280 1251 2345 qnorum
1274 2267 1396 2347 quidem

252 2396 419 2475 scriptaad
435 2415 498 2477 ‚nos
518 2400 730 2477 pervenerint,
755 2400 877 2461 codices
899 2390 1069 2463 habeamus
1091 2406 1146 2464 aut
1162 2373 1408 2479 antiquissimos

249 2531 379 2610 ideoque
401 2534 533 2611 optimos
555 2538 610 2599 aut
631 2537 717 2597 certe
738 2533 829 2612 tales,
855 2534 967 2611 quitus
988 2540 1074 2597 recte
1089 2537 1396 2613 accuratequeinter

249 2683 284 2728 sa
305 2667 426 2732 collatis
449 2669 641 2749 archetypon
671 2638 797 2733 restitui
824 2671 942 2749 possit:
972 2675 1038 2732 tum
1059 2666 1202 2746 Velleius
1237 2676 1301 2732 tam
1324 2685 1392 2732 cor-

248 2806 358 2878 ruptus
389 2809 513 2882 tamque
546 2807 660 2868 misere
694 2805 851 2868 laceratus
890 2805 1068 2882 posteritati
1099 2809 1150 2868 est
1178 2806 1332 2889 traditus,
1361 2809 1396 2867 ut

249 2935 302 3008 vix
326 2938 380 3000 ulli
401 2943 545 3001 veterum
562 2941 747 3017 scriptorum
769 2937 919 3016 graviora
939 2939 990 3002 vel
1011 2941 1161 3016 temporis
1179 2940 1328 3039 iniquitas
1343 2938 1393 3001 vel

247 3073 425 3136 criticorum
453 3072 532 3136 male
548 3029 552 3039 ¹
569 3071 676 3135 sedula
701 3087 776 3140 cura
800 3074 949 3160 inllixerit
968 3072 1099 3135 vulnera
1123 3086 1213 3150 quam
1236 3074 1295 3150 ipsi
1319 3070 1393 3135 Vel·
1471 3083 1475 3089 ·

244 3205 318 3281 Ιεῑω
366 3205 455 3290 Quod
480 3221 541 3285 quo
567 3208 719 3282 maiorem
750 3209 885 3284 scriptor
916 3169 1096 3282 legentibus
1126 3208 1257 3284 praehet
1275 3210 1392 3283 jucun·

244 3340 369 3403 (litatem
393 3345 527 3406 venusto
553 3339 684 3420 quodam
707 3347 800 3418 atque
824 3341 981 3419 exquisito
1004 3342 1161 3404 scribenti
1184 3357 1323 3426 genere,
1354 3358 1392 3428 eo

242 3475 341 3549 magis
371 3476 536 3539 dolentum
570 3479 631 3538 est.
676 3472 765 3540 Unus
799 3477 881 3556 enim
919 3477 972 3556 qui
1001 3476 1061 3537 init
1086 3476 1288 3539 historiarum
1320 3478 1390 3552 elus

242 3609 344 3671 codex
375 3610 625 3692 manuscriptus,
663 3625 704 3672 ex
734 3625 795 3687 quo
826 3609 970 3674 Rhenant
1003 3610 1097 3672 coitio
1126 3611 1211 3687 typis
1238 3611 1389 3699 impressa

240 3748 308 3826 est,
332 3750 511 3808 asservatus
534 3748 600 3806 tum
623 3744 655 3804 in
678 3745 870 3806 monasterio
893 3741 1166 3808 Benedictinorum
1188 3742 1388 3808 Murloacensi

239 3877 271 3938 in
297 3877 458 3953 superiore
480 3875 601 3940 Alsatla
629 3879 689 3940 sito
720 3879 832 3940 mirum
858 3879 890 3940 in
920 3881 1045 3943 molium
1072 3882 1231 3942 vetustate
1258 3891 1389 3942 arrosus
1417 3855 1425 3872 ’

239 4027 274 4071 ac
297 4008 484 4088 depravatus
506 4013 576 4076 luit.
622 4007 761 4074 Fatalem
773 3989 930 4089 jacturam
949 4016 1052 4097 auxit,
1076 4016 1157 4091 quod
1175 4014 1275 4075 codex
1296 4009 1385 4074 Mur-

239 4147 379 4208 bacensis
404 4151 475 4224 post
496 4146 680 4211 Rhenanum
703 4154 735 4210 et
758 4145 921 4212 Burerium
944 4165 962 4210 a
985 4149 1071 4212 nullo
1086 4149 1176 4210 visus
1197 4160 1270 4206 mox
1286 4136 1385 4222 nispe-

238 4277 328 4344 rlisse
360 4279 497 4343 videtur.
541 4280 589 4344 lle
612 4281 860 4347 Amerbaclitano
890 4253 994 4346 antem
1020 4283 1100 4345 libro
1131 4295 1231 4387 usque
1259 4280 1297 4343 att
1325 4260 1385 4341 hoc

243 4395 363 4493 tempus
385 4417 476 4479 uoltis
497 4421 676 4498 asservato,
702 4417 752 4479 cui
775 4419 906 4482 titleliter
928 4417 1051 4495 quidem
1074 4415 1274 4494 exprimento
1287 4412 1386 4477 .0rel-
