3517 5350
939 404 947 420 0

819 577 824 585 ¹
831 577 948 590 Wumaevv
958 583 964 588 -
971 579 1030 590 -Λινιν
1037 581 1041 587 r

336 694 340 702 ·
364 679 505 740 vorantia
527 677 615 740 ducis
636 692 727 754 quom
751 680 935 743 moriturum
958 657 1088 763 miserat
1109 681 1255 764 militem,
1278 682 1428 746 victorem
1450 697 1500 746 re-

363 788 456 867 oepit.
478 785 613 852 Tantum
636 790 746 850 atterit·
758 791 875 853 mixtus
899 793 1001 854 timori
1018 793 1118 869 pudor
1138 807 1271 870 spesque
1285 792 1501 870 desperatione

344 875 515 976 ‘quaesita
1023 905 1031 916 '
1194 902 1197 910 '
1247 901 1251 911 '
1385 875 1392 911 r

346 1056 355 1072 .
447 1007 643 1093 Quamquam
659 1012 874 1090 ··perioulosum
897 1016 945 1076 est
967 1012 1005 1076 de
1027 1013 1095 1076 looo
1119 1013 1297 1096 dioere‚.in
1320 1027 1381 1092 quo
1404 1021 1499 1092 expe-

362 1121 472 1184 diendo
494 1123 606 1184 summi
626 1123 724 1185 critici
745 1124 980 1207 laboraverunt,
1004 1129 1106 1192 tamen
1129 1125 1280 1202 suspicari
1302 1138 1371 1187 oum
1394 1123 1498 1205 liceat,

362 1231 432 1308 quid
455 1233 529 1293 mitti
552 1233 589 1294 de
611 1233 671 1294 hoo
686 1233 760 1302 ioco
782 1236 884 1296 visum
907 1233 949 1294 sit
970 1234 1110 1312 proferre
1131 1235 1194 1298 uon
1211 1234 1369 1298 ouotmoo.
1415 1231 1500 1298 Sori-

325 1344 327 1350 ’
360 1343 496 1408 bendum
516 1341 598 1403 enim
622 1327 695 1404 mihi
718 1344 843 1408 videtur
870 1361 961 1428 „nou
984 1345 1151 1410 deterritus
1172 1346 1331 1423 proposita
1353 1357 1498 1421 perseve-

358 1454 458 1516 rantia
489 1448 592 1515 dux“.
637 1450 743 1517 Verba
772 1457 1033 1537 „perseverantia
1063 1453 1176 1518 duois“
1199 1453 1345 1518 Davisius
1366 1455 1404 1516 ad
1430 1449 1498 1516 Cio.

359 1562 457 1626 Tuso.
480 1559 540 1645 ΙΙΙ,
564 1562 596 1649 1,
621 1578 701 1641 puae
721 1580 792 1627 cum
818 1567 938 1644 reliqua
951 1558 1091 1630 oratione
1108 1582 1170 1629 non
1186 1567 1320 1650 coirent,
1342 1569 1498 1642 tamquam

276 1735 301 1751 .,
358 1665 557 1736 mamtestum
578 1674 908 1752 glossemaejtoieoda
929 1676 1270 1758 oensutt‚·Ruhukenio
1292 1675 1496 1755 assentiente,

358 1775 451 1861 quem
473 1781 609 1847 Haasius
632 1789 665 1846 et
685 1787 751 1862 ipse
771 1789 898 1850 seoutus
922 1791 984 1850 ost
1028 1784 1090 1851 Sed
1111 1786 1202 1871 inde,
1235 1787 1316 1865 quod
1338 1801 1375 1848 ea
1393 1784 1497 1866 >verba

356 1907 429 1956 oum
451 1893 580 1972 reliquis
607 1909 668 1957 non
701 1898 920 1982 consentiunt,
952 1898 1094 1962 oonoludi
1120 1897 1247 1962 minime
1274 1899 1442 1975 potestas
1464 1895 1497 1966 in

343 2005 462 2068 oodioe
481 2005 607 2067 omnino
636 2018 698 2068 mn
720 2008 818 2070 tuisse
839 2007 966 2085 scripta.
1010 2006 1153 2072 Tuentur
1177 2012 1282 2071 autem
1302 2007 1380 2068 traso
1399 2005 1496 2068 verina

359 2119 391 2177 et
405 2117 454 2179 od.
471 2120 520 2194 pr.
535 2114 707 2180 etAmertn.
726 2121 758 2179 et
770 2118 941 2181 auotoritas
952 2115 1089 2201 aurern,
1107 2119 1159 2198 qut
1171 2120 1210 2180 ad
1226 2119 1284 2180 hoo
1296 2114 1495 2180 emundatum

355 2226 433 2288 nihii
455 2227 592 2289 adnotat.
636 2223 777 2291 ttritzius
797 2228 901 2291 looum
923 2229 969 2292 sie
990 2229 1083 2292 edidit
1094 2255 1104 2292 t
1128 2243 1219 2313 „non
1240 2211 1406 2292 deterritus
1424 2239 1496 2303 pro·

353 2338 458 2415 posito
485 2351 606 2423 „quem
633 2337 817 2401 moriturum
850 2340 978 2403 miserat
1004 2339 1150 2418 mititem,
1182 2340 1336 2402 viatorem
1363 2335 1494 2414 recepit.

356 2446 492 2512 Tantum
521 2448 625 2510 offecit
651 2450 886 2525 perseverantia
917 2451 1004 2513 duois
1032 2447 1177 2514 mixtus“
1206 2453 1266 2532 eto.
1291 2447 1338 2510 Ao
1359 2448 1493 2526 primum

356 2557 479 2634 quidem
493 2559 575 2634 quod
590 2555 730 2621 liritzius
742 2559 840 2622 verba
858 2561 1121 2642 „perseverantia
1137 2557 1249 2622 duois“
1262 2562 1334 2636 post
1347 2555 1493 2620 eiieoit

354 2669 564 2750 transposuit,
594 2665 626 2731 id
648 2684 798 2747 peruerse
829 2669 943 2733 iecisse
973 2668 1047 2733 mihi
1068 2668 1203 2733 videtur.
1248 2667 1331 2753 Quid
1352 2669 1433 2732 enim
1453 2665 1494 2729 lis

290 2862 295 2870 .
339 2779 460 2859 *verbis
489 2780 688 2856 transpositis
718 2780 757 2862 ad
783 2782 968 2843 senteutiam
996 2781 1177 2858 proicitur?
1194 2778 1320 2859 „Neque
1343 2781 1426 2842 enim
1446 2778 1495 2840 in-

354 2888 499 2980 telligere
524 2903 652 2967 possum
682 2904 719 2953 ea
741 2891 957 2956 emendatione
986 2892 1211 2955 enuntiationis
1233 2906 1313 2969 quae
1335 2906 1354 2953 a
1373 2889 1493 2970 veruto,

355 3002 504 3083 „tantum
528 3001 631 3063 eitooit
652 3002 735 3079 pers.
761 2998 876 3065 ducis“
899 3002 1007 3081 incipit
1027 3003 1089 3065 vim
1111 3002 1240 3067 miritioe
1262 3000 1386 3083 augeri,
1411 2996 1508 3075 ouod·

352 3110 391 3171 iis
407 3111 569 3173 vocabulis
582 3110 693 3174 additis
707 3111 854 3189 primaria
871 3114 1023 3187 victoriae
1039 3128 1133 3177 eausa
1151 3113 1347 3177 contineatur
1361 3108 1494 3187 Ideoque

353 3222 511 3298 aptissime
533 3237 552 3283 a
573 3222 718 3298 scriptori
738 3222 843 3299 priore
858 3224 927 3286 looo
946 3229 1091 3313 ponatur.
1114 3218 1179 3287 Ct·
1192 3240 1235 3285 ea·
1252 3236 1331 3299 quae
1352 3216 1494 3285 itutzius
1518 3227 1519 3231 ’

353 3331 385 3394 tu
408 3330 651 3396 Zimmermauui
676 3329 801 3396 Annali.
832 3332 936 3396 studd.
970 3335 1064 3411 antiq.
1096 3349 1115 3395 a
1139 3330 1221 3397 1837
1240 3330 1299 3395 Nr.
1319 3330 1359 3396 15
1377 3348 1411 3410 p.
1431 3329 1493 3395 134

352 3441 508 3519 exposuit.
529 3441 626 3521 Atqui
648 3440 788 3507 liritzius
809 3444 869 3507 sihi
889 3445 955 3522 ipse
975 3458 1038 3507 non
1061 3446 1204 3507 constare
1226 3441 1363 3505 videtur.
1407 3439 1492 3504 Nam
1537 3460 1542 3471 ·

353 3565 423 3615 oum
445 3553 526 3615 idom
547 3554 617 3616 loco
641 3543 731 3617 modo
753 3539 879 3644 laudato
903 3554 985 3617 dieat
1010 3552 1137 3616 eandem
1159 3552 1318 3620 notionem
1349 3567 1428 3630 quae
1450 3553 1492 3615 sit

352 3661 385 3725 iu
414 3666 520 3726 ventiis
548 3646 810 3748 „perseverantia
840 3662 956 3728 duois“
987 3663 1141 3727 contineri
1166 3666 1237 3745 jam
1262 3660 1369 3725 verbis
1398 3676 1489 3746 „nou

295 3802 298 3808 =
352 3749 520 3837 deterritus
544 3773 731 3853 proposito“
761 3788 858 3851 seque
893 3790 929 3835 ea
952 3788 997 3856 pp
1010 3778 1182 3851 permotum
1214 3788 1303 3855 esse,
1336 3778 1373 3835 ut
1393 3757 1488 3836 uooa·

353 3884 425 3946 huta
456 3888 692 3960 transponeret:
724 3883 799 3945 ninu
818 3889 878 3955 ¹est
908 3898 986 3946 sane
1013 3884 1093 3961 quod
1117 3866 1267 3946 voeabula
1287 3896 1401 3961 perse
1421 3884 1489 3959 ipsa

352 4009 583 4083 superuacanea
609 3994 642 4056 in
664 3996 829 4056 enuntiato
861 3996 943 4071 quod
965 3994 1108 4071 proximo
1131 3994 1273 4071 sequitur
1294 3996 1487 4072 repetantur.

352 4102 429 4169 Mihi
458 4107 581 4184 quidem
608 4119 661 4169 res
682 4107 729 4168 ita‘
747 4115 825 4168 ¹seso
844 4102 966 4168 hahere·
980 4083 1121 4186 videtur,
1153 4108 1188 4167 ut
1208 4100 1349 4181 Velleius
1369 4098 1490 4180 superi·

292 4238 297 4248 ·
352 4230 417 4279 ore
436 4218 601 4280 enunoiato
630 4211 717 4279 duois
746 4214 1010 4295 perseverantiam
1035 4215 1123 4290 justo
1155 4214 1322 4292 copiosius·
1339 4212 1487 4294 express,

353 4328 526 4405 posteriore
536 4333 610 4391 vero
632 4330 801 4391 enunciato
819 4324 970 4389 orationis
993 4326 1161 4390 variandae
1182 4312 1291 4407 oausap
1311 4320 1487 4404 utassolet',

354 4440 383 4501 id
410 4440 491 4515 mind
513 4441 747 4516 perseverantia
769 4438 821 4500 itia
843 4437 884 4499 sit
912 4436 1070 4520 effoetum,
1103 4437 1213 4501 addat..
1230 4432 1375 4501 Meteilus
1404 4432 1487 4494 enim

1633 725 1634 816 i
