3517 5350
792 509 835 576 33

701 598 927 612 mm

245 700 372 785 tuenda]
396 707 428 766 et
446 701 527 780 app.
544 703 575 765 b.
594 716 622 763 c.
640 696 701 782 ΙΙΙ,
724 715 755 763 u.
770 699 832 765 512
853 699 1064 786 ἐψηφίσαντο
1072 745 1147 764 .....
1169 709 1238 776 τοῖς
1253 697 1386 774 ὑπάτοις

244 811 342 899 Ἱρτίῳ
366 819 422 874 καὶ
441 809 558 890 Πάνσᾳ
581 812 734 890 Καίσαρα
755 817 982 893 συστρατηγεῖν
1004 805 1043 872 οὗ
1064 811 1125 873 νῦν
1146 810 1210 890 ἔχει
1233 814 1384 892 στρατοῦ,

245 930 277 987 et
297 921 390 1001 Pigh.
420 921 507 987 Auo.
529 917 585 984 ΠΙ.
610 935 640 999 p.
665 917 741 983 471.
793 920 836 983 At
865 921 896 983 si
922 922 1153 998 respexerimus
1174 918 1331 996 Vellejum
1353 921 1384 984 id

246 1036 329 1114 quod
350 1045 575 1109 saepenumero
605 1029 674 1108 ipse
694 1031 858 1108 protessus
884 1026 967 1100 est¹t
1001 1030 1186 1094 festinanter
1207 1031 1384 1115 scripsisse,
1421 1103 1424 1110 λ

245 1146 328 1208 bunc
356 1156 496 1206 errorem
524 1156 588 1203 non
610 1141 718 1228 minus
749 1141 839 1204 fache
869 1139 1090 1204 excusabimus
1124 1141 1385 1218 quemcumqu!

245 1253 485 1334 deprehenditur
505 1246 549 1332 II,
570 1248 626 1333 61,
648 1249 679 1329 1,
702 1251 757 1315 ubi
779 1252 856 1314 baec
874 1252 1041 1330 leguntur:
1058 1252 1218 1328 torpebat
1237 1243 1385 1329 oppresso

247 1363 457 1428 dominatione
476 1359 608 1425 Antonii
630 1362 741 1424 civitas
755 1397 808 1440 -‚
825 1375 897 1424 cum
918 1356 956 1426 C.
977 1357 1097 1424 Caesar
1118 1361 1384 1436 undevicesimum

246 1488 360 1539 annum
381 1476 547 1550 ingressus
567 1505 609 1518 -
630 1471 753 1549 privato
784 1472 914 1536 consilio
946 1473 1099 1548 majorem
1121 1475 1233 1534 senatu
1247 1487 1312 1551 pro
1334 1485 1385 1534 re·

243 1585 367 1664 publica
388 1583 524 1646 animum
554 1582 661 1644 babuit
679 1582 874 1662 primumque
897 1599 915 1644 a
935 1577 1077 1664 Caiatia,
1107 1595 1183 1660 mox
1204 1598 1222 1644 a
1245 1579 1384 1646 Casilino

244 1701 416 1758 veteranos
461 1692 580 1756 excivit
630 1697 791 1770 paternos.
831 1688 984 1756 ‘Collato
1022 1697 1216 1767 monument.
1261 1690 1382 1770 Ancyr.

243 1799 446 1884 p.LXV111.
474 1801 569 1881 c.-1,
601 1800 716 1876 1-22
746 1818 846 1868 annos
867 1801 1062 1879 undeviginti
1092 1807 1186 1866 natus
1215 1803 1386 1866 exercitum

244 1916 367 1993 privato
396 1913 526 1976 consitio
549 1916 581 1974 et
597 1912 722 1991 privata
753 1913 892 1992 impensa
915 1914 1105 1991 comparavi,
1136 1927 1263 1994 „quem
1280 1913 1385 1976 locum

244 2023 387 2101 Velleius
415 2024 448 2086 in
472 2026 575 2085 mente
603 2022 749 2086 babuisse
779 2024 921 2105 videtur,
951 2028 1081 2101 apparet
1108 2038 1171 2085 non
1200 2027 1285 2086 recte
1314 2037 1386 2089 eum

245 2136 404 2212 accepisse
426 2134 508 2211 quod
529 2133 636 2196 scribit
644 2125 814 2219 hugustos
834 2149 871 2196 oa
892 2149 927 2195 se
943 2132 1057 2196 iecisse
1077 2133 1386 2210 undeviginttannos

244 2241 395 2327 natum,“
426 2248 463 2306 ut
488 2239 704 2308 Mommsenus
728 2259 760 2320 p.
783 2241 815 2306 5.
832 2247 1008 2306 comment.
1037 2244 1069 2306 in
1098 2257 1155 2306 res
1176 2257 1209 2320 g.
1227 2244 1273 2306 ..d
1297 2243 1383 2321 Aug.

246 2358 364 2418 monet.
417 2429 421 2436 Ι

257 2502 261 2510 ’
329 2461 473 2541 Denique
499 2477 571 2526 cum
600 2477 637 2523 eo
667 2462 749 2541 quod
770 2459 912 2538 Vellejns
933 2458 978 2545 11,
1001 2461 1042 2526 61
1064 2479 1096 2540 p.
1120 2462 1142 2524 4
1164 2466 1245 2524 extr.
1267 2462 1383 2524 tradit:

244 2573 409 2638 consulum
427 2571 509 2636 aiter
527 2574 568 2635 in
586 2573 695 2654 acie,
717 2571 800 2635 aiter
820 2577 892 2650 post
907 2588 1024 2650 pancos
1049 2572 1115 2636 dies
1140 2587 1190 2634 ex
1211 2573 1385 2635 vulnero

244 2689 376 2749 mortem
406 2684 504 2767 obiit,
535 2684 694 2762 aptissime
722 2698 905 2761 comparare
933 2676 1100 2775 possumus
1133 2683 1209 2748 illud
1241 2680 1386 2749 Suetonii
1452 2708 1459 2723 ν

244 2812 276 2860 v.
294 2796 380 2872 Aug.
405 2812 433 2858 c.
452 2794 506 2878 11,
529 2794 569 2858 t:
592 2794 749 2857 bochello
763 2810 833 2857 cum
849 2791 974 2858 Hirtius
988 2796 1025 2857 in
1044 2795 1146 2876 acie,
1166 2791 1268 2859 Pansa
1282 2794 1386 2873 pantio

245 2911 317 2985 post
339 2921 387 2969 ex
407 2905 580 2967 vulnere
609 2905 796 2985 periissent,
826 2918 935 2967 rumor
964 2906 1135 2969 increbruit
1158 2907 1268 2967 ambos
1291 2920 1386 2982 opera

246 3018 317 3093 ejus
338 3016 471 3080 occisos.

725 3390 768 3476 u,
794 3391 850 3476 ot,
872 3394 905 3457 ν.

331 3564 374 3647 11,
397 3564 453 3651 64,
475 3565 497 3630 2
517 3564 709 3643 praeclarum
723 3562 839 3643 Velleji
856 3567 894 3628 de
905 3562 1005 3629 Bruto
1018 3562 1165 3630 Caesaris
1180 3568 1385 3631 interfectore
1460 3564 1463 3571 '

243 3678 394 3756 judicium
416 3678 465 3740 bis
487 3676 594 3741 verbis
608 3676 788 3740 continetur
806 3675 839 3738 in
861 3678 912 3740 ed.
936 3691 1008 3755 pr.=
1029 3678 1238 3755 consensuque
1253 3692 1385 3757 aequum

247 3804 327 3865 puae
349 3791 511 3865 acceperat
533 3803 552 3849 a
573 3782 710 3851 Caesare
731 3788 887 3870 retinere,
924 3782 1113 3871 Caesarem,
1143 3787 1197 3867 put
1218 3787 1272 3851 ilia
1293 3788 1385 3851 dede-

246 3900 317 3980 rat,
342 3896 439 3974 peris.
484 3895 570 3958 Haec
591 3899 666 3958 sunt
687 3900 827 3974 tempora
853 3903 914 3960 etc.

333 4004 383 4067 Ad
402 4006 496 4082 anus
525 4006 586 4068 ioci
614 4021 723 4069 veram
746 4008 932 4084 scriptoram
960 4008 1057 4085 ipsius
1077 4006 1220 4071 editionis
1240 4006 1386 4085 principis

246 4121 278 4180 ct
298 4115 368 4179 libri
390 4115 650 4200 merinthiani,
681 4117 734 4195 qui
763 4118 890 4180 exhibet
916 4114 1144 4199 ,‚peristbaec“
1174 4118 1308 4193 vestigia
1330 4118 1386 4180 du·

246 4233 331 4291 cunt.
364 4224 567 4292 scribendum
589 4232 657 4291 est:
681 4228 848 4306 perisse.
872 4224 995 4291 Haec.
1015 4223 1185 4305 Aptissima
1206 4228 1289 4291 enim
1311 4216 1385 4291 con'-

317 4464 346 4530 1>
363 4462 386 4532 1,
405 4460 448 4531 1o‚
466 4459 551 4528 1311,
568 4459 715 4529 41,1;u,
732 4460 793 4528 1oe,
811 4460 977 4531 23m1at,
993 4462 1019 4516 1.

1158 4549 1174 4600 a
