3517 5350
786 523 829 591 27

694 613 920 629 ΑΛΛΛΜΜΜΛΝννυ

241 689 394 796 ςίεῑὲειυε
423 701 613 791 intelligunt.
658 711 747 800 Quae
774 698 931 796 posterior
958 717 1038 782 ratio
1060 729 1118 780 cur
1139 717 1233 796 longe
1252 721 1375 798 praete⁴

239 829 424 911 renouati,
459 828 492 891 ln
520 829 663 906 promptu
693 831 753 890 est.
799 813 964 891 Generalis
991 827 1095 910 enim,
1128 832 1164 890 ut
1191 829 1235 892 lta
1263 829 1375 914 ticam,

240 941 418 1020 sententia,
453 952 533 1016 quae
563 934 987 1017 centumplicarentur.
1017 936 1158 1001 41-42
1187 942 1376 1025 continetur,
1469 971 1473 978 ·

240 1054 291 1113 est
318 1050 416 1112 lraec:
445 1045 560 1113 Caesar
588 1048 688 1111 adhuc
716 1049 898 1112 adolescens
927 1052 1014 1112 lanta
1043 1051 1110 1125 jam
1139 1053 1172 1112 et
1198 1050 1316 1126 ingepil
1346 1054 1378 1114 et

238 1159 368 1224 nunnus
380 1158 545 1238 specimina
560 1157 668 1240 coluit,
690 1173 732 1220 cx
745 1160 1005 1238 quinosquantus
1019 1173 1270 1230 moxevasurus
1292 1165 1379 1224 esset
1432 1161 1438 1172 ‘'

239 1271 390 1346 virture
418 1269 560 1332 concludi
589 1269 737 1346 potuerit.
784 1265 873 1331 lianc
902 1269 1001 1345 igliur
1028 1270 1213 1332 sententiam
1238 1267 1378 1346 Velleius

239 1395 298 1458 per
325 1381 448 1457 singula
477 1381 520 1443 ita
549 1374 764 1461 persequitur,
794 1380 960 1461 intentet,
990 1383 1026 1443 ui
1048 1376 1217 1444 Caesarem
1245 1381 1379 1458 primum
1513 1425 1517 1434 .

241 1492 319 1569 aput
349 1493 465 1568 pirates
496 1483 738 1554 commorantem
767 1489 884 1571 iaciat,
914 1490 1021 1560 deinde
1051 1490 1204 1567 quomodo
1232 1491 1284 1553 iiic
1305 1505 1378 1570 pro-

239 1600 379 1664 consulis
409 1600 538 1665 consilia
569 1602 659 1664 irrita
682 1602 793 1663 lecerit
813 1605 978 1682 exponat„
1007 1595 1087 1663 Cum
1108 1615 1186 1664 vero
1207 1598 1326 1666 Caesar
1347 1607 1380 1666 et

237 1711 270 1775 ln
293 1711 460 1774 enunciato
490 1713 572 1790 quot
601 1711 693 1789 paulo
723 1712 795 1774 ante
821 1712 938 1788 legitur
968 1714 1000 1773 et
1020 1711 1051 1774 in
1074 1726 1130 1794 eo,
1159 1712 1241 1798 quod
1271 1711 1377 1776 statim

239 1824 383 1883 nostrum
414 1822 518 1888 locum
544 1823 706 1906 sequitur,
744 1823 878 1898 subjecti
916 1824 1022 1899 partes
1050 1825 1144 1903 agai,
1181 1825 1218 1886 ui
1247 1817 1378 1887 Caesari

242 1933 366 1994 easdem
388 1936 498 1996 nostro
519 1946 643 2011 quoque
664 1933 734 1995 loco
756 1933 931 2006 tribuamus
952 1936 1075 2013 partes,
1109 1937 1194 1994 recta
1222 1934 1303 1996 ratio
1324 1948 1380 2012 po·

236 2041 345 2105 siuiat.
391 2039 573 2119 Lagentium
594 2043 693 2120 igliur
713 2059 844 2108 censeo:
868 2042 999 2119 longum
1020 2047 1070 2105 est
1091 2057 1233 2125 narrare,
1255 2045 1323 2122 qui
1346 2049 1378 2108 et

236 2154 384 2230 quotiens
396 2164 493 2214 ausus
507 2153 548 2215 slt
569 2157 679 2217 tanto
701 2169 795 2232 opere
809 2159 921 2216 conata
936 2155 1007 2229 ejus
1022 2152 1074 2229 qiu
1089 2153 1250 2224 obtinebat
1267 2152 1378 2218 Asiam
1433 2233 1437 2242 Ι

236 2261 443 2336 magistratus
464 2263 570 2339 populi
599 2264 720 2326 ronranl
746 2265 833 2325 nnotu
859 2277 919 2324 suo
942 2263 1123 2324 destituere.
1168 2261 1257 2344 Quae
1279 2266 1379 2328 veroa

139 2404 140 2421 i
236 2369 340 2446 patrio
363 2386 508 2434 sermone
528 2375 681 2436 vertenda
702 2376 796 2435 sunt:
822 2386 856 2434 es
877 2371 966 2434 wilre
989 2385 1030 2435 zu
1053 2371 1240 2455 neutrarum,
1263 2375 1304 2436 'zu
1327 2387 1377 2437 er·

139 2480 140 2491 ’
236 2479 369 2564 nitrien,
399 2481 431 2544 ln
459 2483 596 2545 welcner
622 2481 736 2548 Weise
766 2482 828 2545 unct
856 2481 919 2543 wic
947 2482 995 2545 ott
1023 2495 1060 2544 er
1088 2476 1221 2563 (Ctisar)
1249 2487 1379 2560 gewagt

237 2577 306 2672 irat,
329 2606 365 2652 so
387 2592 636 2668 angeiegentticin
660 2594 709 2655 uic
723 2589 1023 2667 Unternehmungon
1047 2591 1101 2654 ties
1121 2591 1297 2681 rtimlscincn
1314 2573 1378 2657 'Bc-

238 2705 362 2784 amten,
392 2702 448 2765 ner
473 2702 571 2766 risten
602 2703 811 2789 verwalteie‚
841 2717 884 2765 zu
913 2702 1087 2786 vercltcln,
1124 2703 1227 2780 inum
1257 2720 1293 2767 er
1324 2704 1381 2768 aui

238 2810 347 2885 cigene
370 2809 460 2875 llantl
490 2814 629 2877 verluhr.
676 2790 836 2905 ltalocus
856 2818 950 2877 antea
976 2829 1075 2892 paene
1098 2806 1281 2892 desperatus
1303 2802 1380 2879 ninii

238 2920 430 2984 difficultatis
462 2922 576 2986 holere
604 2918 742 2987 vitetur.
791 2922 884 2988 Junci
924 2926 1004 2987 enlm
1041 2924 1240 3001 proconsulis
1265 2931 1377 2989 conata
1451 2966 1454 2971 -

238 3044 308 3091 cunr
329 3031 397 3095 allis
419 3032 515 3095 retus
538 3036 605 3095 tum
626 3031 735 3112 piratis
756 3047 818 3095 nou
841 3031 1000 3114 renuitis,
1029 3032 1083 3093 sect
1106 3033 1226 3095 necatis
1246 3049 1306 3097 sua
1327 3050 1378 3099 so·

238 3140 305 3202 lurn
325 3144 513 3234 auctoritate
537 3156 615 3205 usus
635 3143 724 3205 irrita
746 3141 821 3226 iecit
843 3138 974 3206 Caesar.
1270 3144 1275 3155 “

321 3251 366 3314 At
385 3246 516 3316 ior'sltan
547 3254 698 3331 quispiam
725 3251 859 3315 uixerit:
893 3268 996 3315 nonne
1025 3253 1102 3316 haec
1125 3270 1144 3316 a
1166 3257 1197 3315 te
1220 3255 1375 3335 disputata

238 3364 313 3423 sunt
332 3368 442 3425 contra
470 3353 605 3425 mentem
631 3364 812 3441 scriptoris,
841 3363 953 3441 quippe
981 3365 1033 3442 qui
1062 3364 1191 3429 laudare
1219 3365 1375 3430 hocloco

238 3467 421 3556 Caesarem,
443 3489 506 3536 non
529 3456 754 3559 reprehensione
773 3473 893 3535 vellet?
914 3470 1042 3537 Minime
1063 3489 1155 3536 vero.
1199 3473 1274 3539 Non
1295 3478 1376 3541 enlm

235 3583 474 3660 reprelienditur
496 3580 634 3662 Caesar,
658 3584 713 3646 scu
734 3582 880 3645 laudatur
902 3585 973 3659 ejus
987 3583 1189 3666 incestitatis,
1213 3590 1248 3647 ut
1264 3582 1377 3650 lirltzii

236 3693 340 3756 verbis
370 3699 461 3776 utar,
492 3695 604 3769 agenti
625 3691 781 3775 ἐνέργεια,
821 3706 912 3769 quam
944 3690 1086 3770 Velleius
1123 3694 1238 3759 illustri
1270 3696 1395 3775 aliquo·

237 3803 379 3881 exemplo
410 3802 627 3867 declarantem
656 3794 723 3865 sital‘
742 3804 916 3882 proposuit.
964 3800 1052 3886 Quae
1074 3804 1173 3880 qualis
1198 3807 1311 3887 merit,
1335 3820 1377 3873 ex
1422 3789 1425 3796 ’

236 3913 343 3975 verbis
377 3927 457 3991 quae
487 3915 626 3991 proxime
658 3918 834 3991 sequuntur
855 3912 958 4003 „iiiut
980 3914 1137 3978 celeratur
1158 3916 1376 3982 documentum

235 4058 277 4071 -
299 4023 420 4086 suiiixlt
439 4022 549 4088 cruci“
571 4024 647 4088 satis
670 4025 882 4103 cognoscitur.
1247 4006 1250 4013 ’

321 4128 383 4195 Sed
405 4134 485 4196 item
508 4140 602 4213 caput
622 4136 692 4199 aliis
713 4135 807 4199 etiam
828 4136 948 4198 menois
971 4135 1113 4218 laborat,
1142 4134 1179 4197 ad
1202 4150 1283 4213 quae
1305 4150 1374 4199 cor·

235 4242 366 4321 rigentia
387 4260 471 4307 nunc
490 4250 699 4310 transeamus.
723 4242 810 4307 intra
832 4245 914 4307 enim
936 4260 966 4323 p.
988 4242 1012 4308 ti
1034 4261 1102 4324 sqq.
1127 4246 1204 4308 ilaec
1224 4245 1375 4322 leguntur

235 4355 266 4415 in
289 4355 338 4417 co.
363 4369 410 4432 pr.
435 4358 468 4418 et
489 4356 567 4419 ituro
592 4355 858 4421 Amorhachtano:
891 4356 1055 4435 laetusque
1083 4361 1256 4420 nocturnae
1276 4371 1371 4445 expe-

138 4549 139 4552 *
236 4464 359 4530 titionis
380 4466 538 4543 triumplu
558 4466 596 4528 ati
620 4482 696 4531 suos
719 4480 867 4530 reversus
886 4471 956 4547 est,
979 4468 1193 4545 mandatisque
1212 4463 1372 4531 custodiae
