3517 5350
811 619 934 632 '‘fl'ilxklvuf
940 620 996 634 mnf
1004 622 1013 630 v·
1025 623 1035 631 u

834 766 875 848 n,
901 768 954 853 ro,
981 769 1010 834 1.

441 940 483 1024 ii,
518 940 571 1026 itt,
606 941 643 1004 iz
682 952 910 1035 prosequamur
946 946 1051 1006 notam
1088 945 1288 1007 severitatem
1326 957 1491 1007 censorum

356 1051 446 1117 Cassi
475 1050 611 1129 Longini
638 1047 890 1135 Caepionisque,
924 1053 976 1130 qui
1000 1054 1110 1117 abhinc
1131 1070 1230 1117 33333
1254 1055 1491 1144 3331333313-

355 1165 504 1242 quaginta
527 1165 585 1226 tris
607 1149 759 1240 Lepidum
790 1161 958 1226 Aemilium
981 1177 1153 1248 augurem,
1185 1166 1266 1242 quoti
1289 1180 1346 1227 sex
1369 1165 1490 1226 milibus

354 1272 421 1339 HS.
444 1275 529 1336 331113
550 1272 772 1354 conduxisset,
795 1271 905 1334 313333
923 1275 1102 1348 jusserunt.
1224 1257 1227 1266 ’
1402 1345 1404 1352 ¹

409 1383 499 1448 «Ed.
530 1401 579 1462 pr.
609 1386 642 1445 et
669 1381 806 1444 nmero:
828 1383 995 1446 exhibent:
1035 1398 1134 1446 33333
1161 1381 1300 1466 CLVilq
1339 1382 1491 1462 Lepidum

354 1496 501 1576 Aelium3
537 1489 604 1556 iis.
637 1494 736 1556 deest.
760 1490 871 1556 Multis
909 1491 1008 1554 mosiis
1038 1494 1120 1557 hunc
1151 1483 1275 1577 locum,
1306 1507 1398 1571 quem
1421 1511 1491 1558 cor·

353 1611 479 1684 ruptum
508 1619 579 1666 3333
610 1605 776 1684 existimo,
808 1603 974 1666 ementiare
1002 1603 1105 1666 conati
1136 1590 1208 1667 sunt
1231 1605 1289 1668 viri
1319 1604 1414 1688 docti,
1437 1606 1491 1668 3311

353 1717 430 1781 nihii
451 1715 551 1778 3311133
568 1714 723 1791 prolatum
745 1716 806 1796 est,
829 1714 911 1790 quot
933 1727 973 1775 ex
996 1713 1079 1776 omni
1101 1719 1189 1792 parte
1212 1714 1398 1778 satisieciat.
1426 1713 1493 1776 Ali·

244 1853 248 1859 2
354 1830 431 1904 quot
458 1838 583 1888 errores
615 1824 754 1886 Rhenani
783 1827 816 1884 et
845 1821 1042 1886 Amerbachii
1074 1823 1253 1887 ieiicitera
1285 1826 1399 1888 criticis
1425 1825 1492 1902 jam

354 1939 513 1999 correctos
534 1949 606 1996 esse
626 1935 730 1996 3331113
753 1937 789 2022 pt
809 1947 904 2010 supra
927 1933 1036 2011 scripsi
1061 1949 1131 1998 cum
1152 1934 1191 1996 iis
1215 1950 1293 2013 quae
1315 1936 1418 2000 13331.
1441 1933 1489 2013 pr.

353 2051 388 2110 ei
406 2046 460 2109 1111.
485 2044 616 2107 Amerb.
645 2043 796 2120 leguntur
824 2045 1012 2121 comparatis
1039 2045 1144 2108 3111333
1173 2045 1255 2108 11331.
1300 2044 1395 2110 Ν333
1418 2045 1492 2123 quio

354 2158 392 2220 113
421 2170 501 2218 3333
529 2157 669 2218 331313
699 2155 897 2237 statuentium
928 2156 969 2218 sit
998 2154 1173 2232 quaeritur*
1221 2155 1327 2236 Atque
1355 2153 1490 2218 11333133

354 2267 482 2357 quidem.
499 2270 653 2346 notam‚
683 2266 766 2340 33311
784 2265 817 2326 13
839 2266 888 2328 ei.
913 2279 960 2343 pr.
983 2269 1015 2328 et
1035 2265 1105 2327 cod.
1129 2264 1257 2350 Amori).
1282 2266 1411 2349 legitur,
1434 2282 1490 2345 pro

352 2377 460 2455 glossa
488 2377 576 2439 vocis
604 2374 879 2438 severitatem
912 2375 1024 2457 habet,
1055 2371 1186 2438 Bothius
1221 2377 1376 2439 contrario
1400 2377 1491 2440 motio

278 2563 282 2567 q
351 2489 617 2552 severitatem
647 2490 803 2563 tamquam
838 2486 1053 2563 praecedentis
1084 2485 1171 2548 vocis
1201 2485 1490 2565 interpretationem

353 2598 566 2678 expellendam
587 2596 714 2658 'censet
759 2593 890 2659 Praeter
924 2585 1046 2658 ceteras
1069 2595 1173 2658 autem
1192 2599 1390 2671 conjecturas
1412 2599 1489 2660 duae
1519 2669 1525 2683 .

353 2709 467 2786 dignae
497 2710 572 2769 sunt
601 2722 680 2784 quae
703 2703 1004 2789 commemorentur,
1039 2706 1137 2769 altera
1159 2705 1362 2792 Ruhnkenii‚
1391 2708 1490 2771 attera

263 2800 266 2802 “
351 2812 496 2899 Errasti,
527 2830 774 2894 quemquamne
797 2817 856 2881 1133
879 2818 1001 2895 quidem
1022 2821 1130 2921 carent
1152 2818 1336 2882 3113331333.
1382 2818 1490 2882 Ruirn·

352 2931 465 2994 kenius
484 2928 567 3008 ¹enim
588 2928 725 3003 conjecit
738 2926 904 3003 legentum
920 2942 1008 2989 esse:
1033 2941 1332 3005 prosequamur
1353 2935 1490 2992 notam

352 3054 543 3105 severam
576 3052 789 3101 censorum
818 3042 912 3115 atquc
935 3040 1148 3114 conjecturam
1171 3040 1348 3103 confirmari
1371 3039 1444 3102 dicit
1470 3020 1489 3104 a

352 3141 480 3215 Valerio
497 3146 636 3212 Maximo
658 3145 693 3232 8,
717 3143 793 3232 1‚¹7
812 3149 941 3210 33311331
962 3148 1029 3211 1333
1051 3163 1118 3212 3331
1142 3150 1301 3212 narranti:
1325 3150 1488 3212 admodum

353 3274 485 3326 severae
517 3262 611 3321 notae
639 3262 672 3320 et
702 3258 777 3322 iliud
807 3258 913 3336 popuii
942 3258 1118 3341 judicium,
1153 3274 1223 3321 cum
1252 3256 1299 3322 Μ.
1322 3256 1490 3323 Aemilium

352 3366 514 3434 Porcinam
536 3384 556 3431 3
576 3364 614 3431 L.
641 3364 751 3440 Cassio
785 3371 967 3431 accusatum
997 3369 1124 3431 crimine
1154 3368 1244 3431 nimis
1273 3368 1402 3431 suhiime
1433 3386 1490 3432 ex·

352 3484 490 3545 structae
526 3478 619 3541 vitiae
648 3480 678 3541 in
707 3477 844 3541 Alsiensi
875 3492 953 3554 agro
983 3477 1072 3552 gravi
1101 3479 1196 3541 muita
1227 3480 1342 3541 aiiecit.
1398 3476 1487 3561 Quae

352 3605 538 3670 quamquam
552 3605 610 3667 per
629 3604 664 3651 33
685 3588 751 3667 1333
769 3588 942 3651 3331133133
958 3592 1044 3670 sunt,
1072 3593 1176 3652 tamen
1191 3601 1300 3651 vocem
1324 3590 1486 3652 severi-

351 3706 472 3763 tatem
497 3701 547 3762 eti.
569 3714 618 3777 pr.
643 3703 675 3761 et
695 3698 821 3761 Amori).
840 3676 979 3777 tuentur,
1003 3711 1098 3776 quare
1114 3698 1146 3761 in
1162 3698 1219 3787 1133
1235 3714 1311 3760 3333
1328 3698 1403 3761 311111
1420 3712 1486 3761 mu·

351 3809 481 3874 tandum
511 3812 571 3871 est.
616 3797 714 3872 Panlo
742 3809 845 3871 minus
867 3823 886 3870 3
908 3808 1023 3870 codicis
1052 3787 1185 3871 tectione
1218 3807 1335 3871 recedit
1362 3806 1487 3871 iirausii

244 3970 248 3981 .
352 3900 553 4000 conjectura}
581 3919 634 3996 qui
653 3918 745 3980 scribi
767 3919 854 3981 vuit:
885 3923 980 3985 notae
1001 3921 1200 3983 severitatem
1224 3930 1403 3981 censorum.
1447 3914 1488 3980 Et

329 4032 473 4097 -iiritzio
496 4028 617 4107 quidem
638 4023 792 4090 iirausius
813 4006 917 4090 iocum
942 4043 978 4089 ea
1000 4029 1121 4091 ratione
1144 4042 1328 4107 personasse
1349 4028 1485 4091 vitietur.

353 4140 415 4207 Seu
436 4158 476 4205 ue
497 4140 530 4203 in
552 4140 610 4201 1133
637 4139 761 4216 quidem
790 4140 972 4215 conjectura
1001 4140 1230 4219 acquieverim,
1261 4138 1333 4216 quia
1356 4139 1487 4200 tuorum

352 4252 563 4333 genitivorum
586 4226 765 4324 conjunctio
788 4253 838 4311 est
857 4250 977 4313 durior.
1022 4248 1078 4323 His
1101 4249 1198 4325 igitur
1220 4250 1358 4312 virorum
1380 4248 1487 4310 113313-

352 4380 422 4429 rum
444 4362 608 4452 sententiis
630 4360 780 4437 expositis
811 4362 911 4423 restat
932 4364 969 4423 ut
991 4360 1087 4424 3113313
1110 4360 1181 4438 quid
1203 4360 1271 4438 ipse
1293 4357 1425 4422 sentiam
1448 4359 1486 4419 tie

352 4475 521 4538 nociaco.
573 4470 620 4533 Α3
650 4471 721 4534 mini
754 4470 950 4533 scribentum
983 4486 1053 4533 esse
1081 4470 1225 4533 videtur:
1261 4446 1487 4548 prosequamur
