3517 5350
781 456 783 458 ’
804 486 847 554 aa

655 576 658 585 ¹
712 576 939 590 mmm

257 688 352 741 voces
371 675 435 738 iam
457 674 575 741 similes
595 677 809 757 omnisque
826 669 870 741 'et'
885 677 1087 756 cuiusque
1107 677 1192 742 iuter
1206 693 1241 744 se
1258 681 1394 747 mutatas
1475 683 1478 693 '

177 803 181 808 ·
259 801 330 851 csse
352 789 523 851 asseverat.

712 987 939 995 ‘m-
1260 977 1266 1012 i

738 1168 781 1252 n,
803 1167 859 1256 sc,
878 1172 913 1237 2.

340 1338 384 1423 ii,
407 1339 463 1425 88,
484 1341 508 1405 2
526 1341 574 1406 ei.
597 1357 645 1422 pr.
677 1346 711 1405 et
729 1341 879 1407 ameum
911 1345 1023 1422 quippe
1052 1343 1133 1410 vixit
1162 1346 1290 1424 augusti
1312 1347 1394 1410 atavi

256 1467 362 1532 pene
382 1447 563 1516 contentus.

341 1557 378 1626 In
400 1563 550 1626 vocntuio
579 1577 680 1640 pone
707 1561 807 1627 latere
836 1563 1088 1645 substantivum,
1120 1579 1242 1645 expuo
1265 1568 1394 1643 genitivi

254 1673 478 1754 praecedentes
506 1673 680 1756 pendeant,
718 1677 804 1736 recte
832 1673 913 1737 viriit
942 1672 1171 1760 Ruhnkenius,
1208 1689 1393 1756 quamquam

255 1781 322 1858 ipse
343 1783 525 1858 conjectura
545 1784 706 1848 abstinuit.
751 1780 829 1847 'l'aie
850 1785 924 1862 quid
951 1786 1045 1848 etiarn
1066 1782 1218 1852 iirausius
1240 1787 1394 1852 desidera·

255 1891 325 1975 vit,
355 1892 405 1956 cui
428 1896 531 1956 tamen
561 1893 638 1957 iiiuti
659 1896 891 1959 substantivum
918 1897 999 1974 quod
1020 1897 1192 1974 requiritur
1213 1911 1276 1962 non
1295 1899 1394 1963 intere

254 2002 379 2065 videtur
399 2003 432 2066 in
454 1999 641 2087 „pene“,
664 2007 720 2068 sed
741 2007 844 2083 potius
864 2021 882 2069 e
907 2011 999 2072 textu
1022 2007 1161 2086 elapsum
1185 2024 1274 2090 esse,
1294 2025 1394 2088 pene

255 2116 360 2177 autem
390 2128 432 2176 ex
453 2114 513 2176 alia
543 2114 696 2192 particuia
724 2121 917 2196 corruptum.
954 2114 1054 2198 „Seri
1075 2133 1176 2196 neque
1198 2118 1278 2189 hanc
1298 2121 1394 2199 parti-
1432 2111 1435 2116 ’

255 2224 377 2305 culam,
398 2224 442 2287 ita
464 2225 567 2301 pergit
587 2220 758 2304 iirausius,
783 2241 885 2304 neque
905 2227 1137 2293 substantivum
1159 2229 1298 2307 elapsum
1321 2247 1394 2304 oon·

252 2335 379 2410 iectura
408 2334 535 2412 adsequi
564 2336 683 2414 ausim,
725 2315 909 2416 quamquam
941 2335 993 2399 res
1023 2341 1056 2399 et
1083 2339 1235 2402 sententia
1266 2341 1395 2404 suaoeat

256 2442 407 2506 nonore
427 2444 478 2506 vei
500 2446 645 2507 iecore
666 2446 716 2508 vei
738 2447 912 2525 insigni,
938 2449 1020 2525 quod
1043 2448 1182 2511 ultimum
1205 2450 1394 2512 vocabulum

256 2553 355 2617 vaide
376 2553 515 2616 solemne
545 2559 594 2618 est
614 2554 776 2620 Nostro.“
820 2555 877 2619 iiis
908 2558 1015 2620 verbis
1047 2558 1116 2620 sinc
1138 2559 1231 2621 dubio
1254 2557 1395 2626 liritzius

254 2668 415 2743 permotus
444 2669 510 2750 est,
548 2670 584 2729 ut
610 2683 669 2745 pro
697 2683 799 2746 pene
827 2667 982 2732 scriberet
1013 2666 1251 2752 „inmgniii
1305 2668 1396 2754 Quae

255 2777 410 2855 scriptura
424 2778 578 2854 quomodo
592 2778 624 2842 in
647 2795 746 2856 pene
766 2780 931 2857 depravari
946 2780 1094 2859 potuerit,
1118 2780 1162 2843 ita
1180 2782 1395 2847 demonstrare

131 2967 132 2972 Ἰ
255 2888 380 2964 studet,
411 2892 448 2949 ut
469 2888 574 2966 „in“
596 2890 672 2951 isc.
692 2899 715 2953 i.
741 2891 923 2967 absorptum
946 2892 1044 2979 tuisse
1067 2888 1085 2956 i
1108 2893 1333 2970 praecedente,
1358 2893 1393 2956 si

255 2997 370 3059 abiisse
392 2996 424 3059 in
447 3012 488 3079 p,
518 3012 558 3058 ex
580 3012 615 3084 g
636 2999 793 3061 residuum
817 3014 888 3061 esse
911 3012 950 3077 e,
975 3004 1166 3077 postremum
1185 3000 1204 3068 i
1226 3003 1394 3065 contusum

255 3110 292 3169 ut
312 3106 431 3169 centies
452 3121 523 3169 cum
544 3107 647 3169 littera
663 3106 799 3175 edicat.
823 3105 885 3172 Seu
903 3110 981 3171 haec
997 3107 1179 3172 emendandi
1200 3113 1280 3174 ratio
1303 3126 1395 3190 quam

253 3212 396 3280 liritzius
419 3216 583 3291 ingressus
605 3222 655 3280 est
675 3218 749 3281 iicet
770 3218 934 3294 ingeniosa
956 3221 1110 3305 videatur,
1133 3226 1238 3285 tamen
1253 3222 1395 3298 argutior

254 3314 348 3407 quam
368 3327 475 3389 verior
493 3331 542 3390 est
561 3329 600 3392 ott
621 3342 751 3406 eamque
772 3342 899 3417 causam
921 3331 1099 3406 reiicicnria.
1138 3328 1262 3393 Etenim
1286 3332 1394 3395 eodem

149 3486 153 3493 .
254 3439 346 3501 modo
364 3439 533 3515 eodemque
545 3440 619 3514 iure
640 3454 659 3501 a
683 3437 805 3513 Veiiejo
829 3440 977 3502 decore
997 3442 1047 3503 vei
1068 3441 1222 3503 honore
1244 3442 1297 3503 voi
1311 3441 1393 3504 aiiuti

256 3548 422 3627 quidquam
455 3548 603 3626 scriptum
630 3526 729 3611 fuisse
759 3550 884 3627 probari
914 3553 1031 3627 potest.
1075 3547 1165 3612 Haud
1190 3552 1290 3627 magis
1320 3551 1395 3615 mihi

254 3659 356 3737 placet
374 3660 557 3733 conjectura
572 3658 717 3739 Rubenii,
745 3661 797 3737 qui
818 3659 1159 3738 „angustioiavia
1183 3661 1392 3740 paenuia“

254 3772 335 3831 teste
355 3766 483 3830 Heinsio
504 3769 698 3833 scribendum
718 3772 851 3833 censuit.
896 3766 979 3832 Nam
1001 3786 1056 3847 pro
1083 3771 1261 3847 paenula
1284 3772 1392 3835 saltem

256 3878 392 3940 scribere
407 3879 538 3941 debebat
559 3879 747 3959 „paiia“,
773 3894 852 3958 quae
873 3890 939 3943 vox
959 3895 1027 3943 cum
1051 3882 1089 3943 ab
1109 3880 1241 3946 Horatio
1263 3882 1393 3961 aliisque

255 3986 460 4065 scriptoribus
471 3985 498 4069 ¹)
533 3991 713 4067 saepissime
744 3996 914 4070 usurpatur
940 4006 998 4069 pro
1020 4008 1064 4055 co
1094 3996 1175 4071 quod
1202 3997 1252 4057 cst
1273 3992 1391 4072 tunica,

323 4276 353 4343 1)
372 4274 411 4328 ci.
429 4274 570 4329 Heindorfii
589 4276 673 4331 adnot.
692 4278 806 4333 aditor.
821 4283 869 4333 sat.
888 4278 913 4349 1,
931 4279 956 4357 8,
975 4278 1023 4333 23:
1042 4280 1093 4333 ridi
1111 4285 1211 4349 egomet
1233 4280 1307 4347 nigra
1333 4295 1393 4333 suc-

255 4360 464 4414 cinctamradcrc
481 4362 575 4427 palla
595 4362 743 4431 Canidiam
760 4364 832 4430 Virg.
844 4365 912 4418 Aen.
924 4362 947 4432 6,
966 4364 1035 4433 ttt;
1053 4366 1094 4435 11,
1112 4366 1181 4435 ttc;
1199 4368 1224 4433 1,
1239 4364 1300 4420 uis.
1319 4364 1394 4419 ovid.

256 4446 342 4500 Amor.
360 4446 386 4514 3,
405 4443 447 4511 13,
464 4444 507 4501 26.
526 4447 587 4500 iiet
605 4448 632 4514 i,
649 4442 717 4513 teti
735 4448 817 4503 Varro
835 4448 866 4504 de
883 4450 945 4519 ling.
964 4451 981 4503 i.
1000 4448 1030 4516 ii,
1048 4448 1090 4505 13.
1189 4520 1192 4535 Ι
