3517 5350
774 499 906 600 17„

232 700 385 776 gratam
413 691 616 756 severitatem
650 704 815 770 censorum
844 693 903 752 etc.
951 686 1105 770 Quoniam
1126 691 1206 752 enlm
1230 703 1271 752 ex
1293 704 1363 758 ver-

231 806 278 869 lris
306 819 386 882 quae
415 782 607 879 sequuntur:
640 804 700 877 „at
727 798 861 861 nuncsi
887 799 958 876 quis
985 801 1063 861 tanti
1086 798 1223 882 habitet,
1252 801 1306 862 vix
1329 805 1365 862 ut

231 920 358 984 senator
379 911 580 989 agnoscitur:
611 910 689 974 aleo
721 911 882 994 maturea
906 909 1007 971 rectis·
1020 909 1052 970 ln
1074 923 1188 990 prava,
1219 910 1364 986 apravis

231 998 270 1089 in
292 1023 471 1104 praecipitia
500 1017 711 1099 pervenitur“
740 1019 817 1080 salis
845 1017 947 1088 elucet
976 1017 1131 1095 Vellejum
1163 1020 1384 1082 severitatem<

228 1136 312 1198 lllam
335 1138 427 1197 uotae
455 1130 615 1194 censoriae
633 1111 767 1207 pronme
792 1129 1066 1207 integritatemque
1087 1141 1208 1192 morum
1230 1126 1362 1206 priscam
1425 1107 1428 1112 ¹

159 1308 160 1317 χ
229 1259 306 1307 suae
336 1241 434 1320 ip'slus
461 1242 575 1305 aetatis
603 1240 748 1304 luxuriae
771 1240 850 1302 solie
872 1253 1047 1322 opponere,
1078 1239 1151 1316 puin
1173 1221 1362 1314 adjectivum

159 1350 160 1383 ³
231 1348 428 1430 ase'riptore.
450 1354 586 1416 auditum
613 1351 656 1414 sit
682 1351 720 1412 all
747 1350 833 1413 illam
860 1351 1061 1412 severitatem
1094 1350 1143 1411 vel
1173 1349 1360 1428 probantem

231 1464 277 1524 rel
300 1450 614 1543 tauromenium,
637 1461 711 1524 nluil
735 1459 853 1524 dulillo.

662 1769 665 1776 -
703 1735 743 1816 u,
774 1737 911 1822 111·

312 1907 358 1992 ll,
378 1909 432 1996 14,
455 1907 476 1972 3
496 1905 575 1972 Bur.
600 1907 806 1997 1111111111.;
828 1922 900 1972 oum
920 1901 1099 1970 aedificaret
1115 1907 1237 1970 tomum
1253 1909 1285 1969 lu
1303 1905 1362 1970 Pa·
1442 1888 1461 1904 ”

228 2021 303 2083 latio
325 2023 358 2084 iu
380 2035 418 2083 eo
440 2019 530 2100 loeo,
553 2019 606 2081 uni
627 2020 690 2104 esi,
713 2035 794 2097 quae
816 2018 976 2097 quonlam
989 2012 1165 2099 Ciceronis,
1188 2014 1361 2084 moncou-

228 2123 325 2193 sorlnl
346 2130 418 2210 luit,
440 2138 524 2190 nuuc
546 2125 650 2192 Statili
672 2127 823 2193 Sisennae
843 2131 905 2211 est,
933 2128 1190 2205 promitteretque
1211 2128 1241 2189 el
1261 2129 1361 2192 archi·
1400 2146 1403 2159 ·

155 2281 162 2321 :¹
227 2230 330 2301 tectus
348 2240 392 2300 lta
413 2251 449 2299 se
469 2252 536 2301 eam
558 2239 814 2322 aedificaturum,
843 2241 879 2299 ut
899 2236 998 2298 libera
1020 2242 1039 2298 'a
1061 2241 1230 2314 conspectu
1251 2237 1361 2301 immu-

157 2396 160 2429 Ν,
228 2344 340 2424 nisque
370 2348 408 2408 alr
438 2348 581 2411 omnibus
611 2348 738 2411 arbitris
769 2330 872 2423 esset,
912 2360 1012 2422 neque
1042 2346 1205 2422 quisquam
1232 2349 1265 2408 in
1293 2363 1362 2409 eam

155 2444 164 2527 ³}
189 2529 200 2546 ἢ
228 2452 387 2533 despicere
407 2460 532 2532 posset:
553 2461 589 2520 tu
610 2471 706 2539 vero,
729 2457 844 2544 inquii,
868 2457 911 2518 ita
932 2467 1081 2532 compono
1101 2453 1227 2518 ‹lomum
1248 2469 1361 2536 meam,
1470 2441 1472 2445 ’

154 2529 158 2684 ξ
226 2568 263 2627 ut
283 2564 429 2642 quicquit
450 2578 543 2639 agam
564 2567 603 2627 nl)
625 2567 768 2629 omnibus
789 2565 922 2644 perspici
945 2565 1055 2642 possit.

155 2709 158 2767 l
312 2671 450 2738 Primum
474 2675 534 2737 hoc
555 2675 625 2739 loco
645 2677 677 2739 in
700 2679 749 2740 el.
772 2692 820 2756 pr.
843 2676 1010 2739 manifesto
1021 2674 1165 2739 Ruenaui
1179 2688 1288 2737 errore
1304 2687 1361 2751 pro
1481 2740 1486 2755 f

155 2769 160 2851 Ξ
228 2781 381 2847 uernum
411 2785 527 2859 legum
549 2777 765 2872 templum,¹
788 2777 1149 2849 leinueuomlniu'us
1168 2795 1225 2862 pro
1250 2786 1361 2847 arbl-

155 2885 157 2948 3
229 2892 324 2975 tric,
353 2898 420 2956 tum
440 2909 497 2970 pro
526 2888 683 2972 praesumi
710 2899 863 2979 possit,
897 2893 1361 2973 recompensacionem

229 3002 357 3078 apouosl
387 3004 547 3084 scribunt,
575 3007 643 3079 jam
665 3020 685 3065 a
705 3001 831 3067 Mittere
859 3004 1073 3086 lmpcrleotum
1104 3006 1261 3079 posset
1277 3008 1363 3066 reete
1493 3080 1498 3089 ἱ

228 3107 400 3188 repositum
414 3098 639 3193 esc'llenlqoe
654 3114 764 3195 verba,
788 3124 919 3195 „neque
932 3114 1094 3191 quisquam
1115 3114 1145 3175 ilr
1170 3126 1238 3175 eam
1262 3114 1362 3191 [lespi-

229 3234 302 3283 cere
326 3221 468 3300 possee‘
488 3227 645 3302 tamquam
667 3240 685 3285 e
707 3222 894 3300 glossemate
916 3226 985 3285 orla
1005 3221 1235 3304 3111111111,
1263 3218 1364 3287 liram

229 3332 316 3415 sius,
352 3328 504 3416 Clutius,
539 3330 743 3411 Kreysslglus
774 3333 950 3409 ejecerunt.
994 3330 1053 3396 Ed.
1087 3347 1150 3441 pr.a
1171 3337 1204 3393 et
1230 3332 1361 3397 Amerlr.
1406 3324 1407 3333 ’

229 3440 379 3504 exultent
407 3442 484 3505 laec
509 3445 616 3507 verua.
661 3444 730 3509 lloc
758 3458 821 3505 uon
844 3445 920 3520 puto
942 3442 1029 3505 viros
1051 3442 1121 3504 illos
1144 3444 1251 3505 doctos
1273 3444 1364 3519 igno·

229 3560 338 3634 rasse,
361 3552 415 3614 sed
436 3554 496 3617 alia
519 3569 614 3616 eausa
636 3554 717 3637 lull,
747 3567 806 3615 cur
825 3553 858 3613 ln
879 3552 928 3614 llis
950 3552 1056 3615 vertis
1085 3553 1268 3615 haererent.'
1307 3551 1364 3615 llla

230 3662 313 3723 enlm
324 3663 417 3725 verlra
432 3677 503 3725 esse
520 3676 749 3740 supervacanea
766 3662 986 3745 capitaneum,
996 3662 1114 3741 quippe
1127 3663 1239 3740 qulbus
1255 3664 1364 3727 eadem
1448 3716 1453 3729 .

231 3782 283 3830 res
305 3776 398 3847 atque
419 3772 528 3834 verbis
542 3774 797 3852 praecellentibus
816 3773 1041 3836 contineretur.
1087 3769 1149 3837 Sed
1171 3778 1275 3836 tamen
1297 3774 1364 3837 vul·

229 3880 305 3950 gata
333 3878 426 3941 lectio
451 3881 489 3942 alr
512 3880 632 3945 Haaslo
646 3884 713 3959 jam
734 3884 866 3961 probata
886 3884 973 3945 recte
994 3881 1109 3944 habere
1132 3882 1204 3945 milri
1227 3874 1387 3947 uidetur.⁴

160 3954 168 4063 ,1
230 3982 373 4064 Namque
394 3986 535 4067 Velleius
563 3992 787 4077 lacescitur,
815 3997 851 4057 ut
871 3992 959 4057 notio
982 3991 1169 4075 despicienti
1191 3994 1365 4069 majorevi

230 4096 412 4179 1111111111,Ι
436 4114 536 4179 neque
563 4102 677 4195 repetit
705 4118 774 4165 eam
802 4102 961 4165 notionem
989 4118 1068 4179 quae
1097 4105 1128 4165 ln
1156 4104 1231 4181 ipsis
1261 4105 1365 4167 verlris
1441 4082 1443 4087 ¹

155 4285 156 4316 ζ
211 4198 358 4288 ‘„lllrera
379 4224 397 4271 a
420 4211 616 4287 conspectu“
637 4215 740 4291 tuest,
757 4211 818 4274 set
841 4212 911 4288 ejus
931 4212 999 4275 loeo
1022 4214 1113 4276 aliam
1134 4216 1166 4274 et
1187 4215 1364 4289 graviorem

155 4347 156 4350 ¹
230 4317 355 4394 quidem
376 4320 473 4396 ponit.

1147 4531 1164 4581 2
