3517 5350
826 492 1054 596 MQ
1096 479 1099 491 ’

303 760 307 772 1
366 681 482 750 'ibium
500 684 600 763 igitur
619 685 722 750 iocum
741 684 787 749 sic
800 684 1003 753 scribendum
1018 682 1246 778 eiverteudum
1258 690 1354 763 puio:
1380 681 1417 754 C.
1434 663 1512 753 Cas-

367 797 435 860 sius
465 831 504 844 -
533 775 688 862 inclusum
715 793 909 859 Dolabellam
938 831 981 845 -
1011 790 1204 875 Laodiceae,
1250 802 1430 874 expugnata
1459 814 1512 882 ea,
1624 869 1625 900 ¹

367 907 578 990 labefecerat,
613 902 651 972 C.
677 902 808 970 Cassius
837 891 924 968 batte
947 907 1005 968 deu
1027 903 1189 968 Dolabella
1211 905 1244 968 iu
1266 903 1420 970 Laodicea
1444 909 1511 996 elu—
1624 913 1625 920 ’

287 1072 295 1090 ,
316 1054 319 1065 ·
368 1017 571 1094 gescbiossea
595 1017 655 1079 und
679 1015 757 1078 uacb
781 1014 894 1078 desseu
915 1013 1104 1093 uroueruog
1121 1017 1214 1092 leues
1232 1013 1419 1094 liniergaog
1438 1032 1510 1082 ver-

368 1127 501 1192 auiosst.
545 1124 593 1189 De
614 1140 649 1189 re
669 1126 756 1209 ipsa,
779 1139 860 1203 quae
883 1139 901 1186 a
923 1122 1048 1200 Velleio
1068 1130 1235 1209 narratur,
1264 1116 1413 1191 cilevli
1435 1128 1511 1206 epit.

367 1235 392 1299 i.
417 1234 477 1299 121
491 1235 510 1299 ε’
532 1232 571 1300 d.
598 1232 748 1318 Cassius,
777 1235 828 1298 cui
858 1233 1037 1298 mandatum
1070 1231 1331 1319 emarcuerat,
1361 1242 1396 1301 ut
1416 1235 1511 1302 Dola-

368 1346 481 1411 bellam
515 1347 637 1428 bostem
663 1345 838 1422 iudicatum
852 1344 949 1432 ,bello
965 1349 1229 1428 persequeretur,
1258 1349 1442 1411 auctoritaie
1466 1349 1512 1412 rel

368 1457 511 1536 publicae
536 1453 665 1533 adiutus
687 1451 814 1534 Syriam
843 1468 913 1518 cum
937 1455 1038 1518 tribus
1060 1456 1252 1520 exercitibus
1274 1457 1327 1535 qui
1350 1459 1381 1522 io
1404 1445 1511 1523 eadem
1624 1443 1625 1538 J

369 1566 526 1644 pruvincia
551 1572 661 1651 eraut,
698 1565 732 1629 iu
756 1553 943 1644 potestatem
973 1579 1061 1628 suam
1088 1565 1231 1650 redegit,
1260 1565 1451 1632 Dolabellam
1477 1569 1510 1633 io

373 1678 451 1740 urbe
474 1675 626 1740 Laodicea
649 1670 813 1740 obsessum
837 1675 916 1737 mori
939 1675 1052 1750 coegit.

825 1869 1053 1880 mm.

848 2057 893 2144 u,
921 2058 977 2144 ιι,
999 2060 1032 2124 a.

455 2225 500 2314 ii,
516 2228 571 2313 74,
586 2231 609 2294 2
624 2231 674 2293 ed.
691 2245 739 2308 pr.
758 2235 791 2294 ei
804 2230 956 2296 amerb:
980 2229 1020 2294 L.
1040 2230 1197 2294 Antonius
1218 2232 1341 2315 consui,
1362 2232 1510 2298 viliorum

372 2340 480 2404 iratris
502 2341 551 2404 sui
574 2354 720 2423 consors,
741 2342 795 2403 sed
814 2343 980 2420 uirtutum,
1004 2355 1084 2419 quae
1101 2342 1256 2404 interdum
1278 2343 1311 2404 iu
1331 2343 1385 2405 ilio
1407 2350 1509 2429 eraut,

370 2465 496 2534 expers,
520 2453 612 2514 modo
633 2452 714 2529 apud
737 2456 906 2514 veteranos
928 2451 1108 2514 criminatus
1126 2445 1305 2535 Caesarem,
1330 2454 1420 2515 inodo
1441 2470 1510 2539 ece,

370 2544 422 2638 uui
454 2560 567 2624 iuste
600 2561 750 2624 divisione
778 2562 975 2640 praediorum
1007 2561 1233 2639 nominatisque
1263 2563 1392 2625 coloniis
1414 2569 1510 2639 agros

368 2671 561 2757 amiserant,
591 2671 629 2736 ad
657 2687 744 2737 arma
773 2670 921 2736 concieus
943 2686 1091 2748 maguum
1114 2672 1283 2735 exercitum
1306 2672 1508 2737 conflaverat.
1623 2694 1624 2747 f

455 2780 523 2843 Hoc
552 2782 621 2845 loco
653 2797 762 2845 vocem
786 2780 1066 2866 ,μιινῑιιιιιιοιι
1089 2781 1222 2860 epitiem
1243 2782 1346 2860 aliquo
1367 2787 1510 2870 ornatam
1623 2862 1624 2869 ἵ

368 2893 468 2955 didisse
488 2892 650 2970 exipsius
672 2892 786 2955 codicis
802 2890 945 2964 Murbac.
964 2892 1109 2969 vestigiis
1128 2898 1269 2975 apparet,
1292 2894 1345 2971 uui
1365 2892 1511 2975 „iuste
1623 2916 1624 2933 ι

369 2999 614 3066 divisloue“
644 3002 783 3066 exbibet.
829 3000 923 3083 Quod
953 3000 1107 3080 quomodo
1141 3002 1183 3065 sii
1204 3005 1429 3067 restituendum
1449 3005 1512 3069 viri

370 3112 451 3174 docti
473 3114 557 3175 iuter
576 3127 609 3175 ae
628 3111 827 3176 dissentiunt.
859 3109 919 3174 Alii
934 3113 1017 3175 enim
1041 3114 1175 3196 „justa
1191 3112 1369 3199 divisiqpe“
1385 3116 1508 3198 legunt,

369 3222 421 3284 aiii
445 3219 677 3305 ‚‚ioJusta⁶‘
701 3223 829 3285 malunt.
876 3221 978 3304 Quam
1002 3226 1165 3300 utramque
1187 3224 1372 3302 scripturam
1396 3225 1507 3289 falsam

270 3366 273 3370 ν
370 3346 441 3395 esse
461 3337 548 3395 recte
571 3333 691 3394 monuit
706 3331 926 3395 Ruhnkeuius.
951 3330 1025 3395 Nou
1046 3332 1099 3411 iia,
1125 3332 1235 3410 inquii,
1258 3332 1400 3411 Velleius
1423 3337 1510 3399 frou·

368 3447 432 3505 lem
448 3440 667 3525 perirdeuerat,
689 3444 724 3505 ui
743 3442 823 3503 banc
836 3442 1034 3521 praediorum
1050 3442 1230 3506 divisionem
1243 3446 1361 3521 justam
1379 3447 1508 3529 diceret,

367 3569 426 3617 uec
455 3556 564 3615 couira
592 3535 743 3628 injustam
771 3543 896 3637 dicere,
931 3554 1012 3631 quod
1040 3549 1147 3631 Libeia
1180 3555 1339 3633 placebat,
1372 3552 1509 3632 Augusti

366 3664 503 3727 adulatio
525 3664 612 3727 sivit.
637 3661 791 3745 Quocirca
814 3663 882 3741 ipse
904 3664 1100 3727 scribendum
1121 3669 1246 3729 censet:
1272 3666 1506 3749 „instituta

366 3774 517 3836 divisione
552 3772 815 3850 praediorum⁴⁶.·
849 3771 938 3856 Quae
975 3756 1157 3851 conjectura
1196 3776 1336 3853 quamuis
1374 3792 1436 3841 ooo
1464 3778 1509 3838 lia

366 3898 480 3960 magua
499 3884 663 3945 literarum
679 3884 850 3947 mutatione
867 3858 1114 3969 commendator,
1138 3888 1241 3948 mareu
1264 3892 1295 3948 et
1316 3887 1382 3964 ipsa
1404 3887 1509 3968 babel,
1622 3956 1623 3965 χ

367 3996 448 4073 quod
480 3994 590 4055 merliu
618 3994 784 4057 olicusioul
814 4009 884 4055 esse
913 3994 1025 4069 possit.
1071 3992 1320 4077 „Desideramus
1341 3999 1442 4081 euim,
1475 4000 1510 4061 ui
1622 3972 1623 3995 ³

366 4101 492 4167 lirausii
521 4105 628 4166 verbis
659 4108 749 4187 utar,
780 4104 969 4180 grauitatem
993 4102 1116 4181 Velleio
1149 4107 1272 4181 diguam
1299 4106 1331 4168 in
1363 4108 1423 4169 boc
1444 4106 1509 4184 epi-

365 4212 505 4296 tbeic;“
536 4215 617 4290 quod
645 4216 697 4292 qui
727 4215 923 4277 scribendum
955 4216 1145 4277 contendunt
1168 4216 1298 4278 verbum
1328 4216 1509 4293 languidum

366 4330 398 4387 et
413 4324 538 4387 omnino
553 4338 823 4402 supervacaneum
838 4324 1019 4407 admittunt,
1042 4324 1124 4401 quod
1148 4340 1187 4386 uo
1208 4326 1364 4389 tantillum
1386 4326 1509 4403 quidem

366 4436 441 4506 novi
463 4434 501 4498 ad
524 4434 711 4499 academiam
743 4436 866 4509 ademi.
912 4434 1013 4519 Quam
1041 4435 1082 4497 ob
1105 4450 1231 4501 oaumm
1255 4434 1409 4514 Veiiejum
1431 4437 1509 4501 scri-
