3517 5350
802 478 845 546 47

253 673 384 738 vtentiam
404 672 431 736 si
449 669 788 750 tecum-reputaveris,
819 670 943 764 minus,
967 656 1096 747 opinor,
1118 665 1174 730 tibi
1195 667 1388 734 arridebunt.
1450 663 1454 671 '

255 779 403 847 conferri
420 784 514 860 iubet
533 779 748 867 Froebticbius
769 777 884 856 Vellej.
907 774 951 858 Il,
972 774 1028 856 28,
1051 775 1088 840 3:
1105 774 1233 855 :prinus
1254 778 1325 858 ille,
1358 787 1391 846 et

253 894 393 957 utinam
415 893 583 972 ultimus,
607 891 782 969 exemplum
805 888 1039 968 proscriptionis
1056 887 1186 954 invenit.
1211 887 1334 954 Atcum
1348 893 1392 956 ibi

165 989 173 1006 '
256 1004 355 1066 uerba
377 1006 437 1082 „et
460 1005 577 1066 utinam
599 999 1122 1091 ultimus“aptissimeaddantur,
1146 999 1258 1079 quippe
1278 1003 1391 1079 puibns

190 1127 193 1134 “
255 1117 289 1178 et
320 1115 398 1179 scite
426 1114 623 1190 vituperetur
651 1109 741 1193 Sulla
772 1116 805 1172 et
831 1109 946 1186 Velleji
973 1109 1095 1182 animus
1125 1107 1217 1196 plane
1245 1117 1391 1178 cernatur

254 1203 431 1301 ingenuus,
455 1226 520 1287 tum
544 1226 654 1287 nostro
677 1223 747 1286 loco
770 1221 955 1286 exclamatio
978 1233 1079 1298 quani.
1092 1213 1306 1286 Froebiicbius
1329 1227 1393 1286 sta-

255 1333 400 1396 tuendam
424 1348 494 1396 esse
516 1337 625 1397 censet
647 1332 761 1411 aliquid
783 1332 921 1412 languidi
941 1331 1049 1394 babet.-
1090 1326 1216 1393 Etenim
1242 1332 1269 1394 si
1292 1334 1393 1397 iatum

256 1447 325 1506 erat
345 1437 514 1524 Romanis,
547 1449 585 1507 ut
604 1442 748 1519 Velleius
769 1438 812 1520 li,
838 1439 913 1521 118,
937 1440 1101 1519 lecenset,
1131 1439 1250 1505 cladem
1280 1441 1393 1510 Varia-

256 1568 327 1615 nam
350 1553 513 1632 acoipere,
542 1554 570 1616 si
602 1555 667 1616 iato
695 1555 806 1617 cedere
828 1567 937 1618 omnes
961 1550 1101 1614 homines
1121 1555 1306 1630 unguntum·
1330 1569 1398 1640 non

254 1663 453 1741 perspicitur,
477 1676 534 1726 cur
555 1665 689 1741 scriptur
709 1665 808 1729 verba
831 1663 977 1742 „utinam
997 1698 1039 1708 -
1062 1661 1201 1724 nobilis“
1219 1663 1389 1744 addiderit,

256 1772 369 1851 qulbus
397 1773 521 1836 omissis
550 1774 625 1837 nibil
654 1774 855 1838 desiderabis.
902 1770 945 1838 Ut
966 1788 1041 1837 voro
1071 1774 1113 1835 sit
1128 1786 1219 1868 'usus
1248 1770 1393 1850 Vellejus

204 1897 208 1908 ·
256 1882 316 1945 boc
337 1884 406 1945 loco
428 1881 673 1969 exclamatione,
696 1887 800 1948 tamen
822 1897 880 1947 cur
902 1883 1015 1947 vocula
1037 1897 1126 1946 mox
1148 1884 1253 1951 vorbis
1275 1885 1394 1956 inserta

258 1993 382 2057 sitnon
404 1993 573 2070 intelliges.
619 1993 762 2074 Velleius
790 1995 872 2058 enim
896 1995 949 2072 pul
970 1997 1038 2057 erat
1059 1994 1153 2056 bomo
1176 2011 1253 2058 vere
1277 1994 1393 2060 Roma-

256 2117 335 2184 nus‚
365 2109 400 2166 ut
419 2101 567 2167 Germani
597 2107 701 2168 minus
729 2121 805 2189 mox
831 2105 951 2168 nobiles
985 2104 1059 2168 iacti
1087 2107 1193 2166 essent
1221 2105 1307 2168 clade
1330 2105 1394 2170 Ro·

257 2227 444 2297 manorum,
482 2219 590 2292 optare
619 2231 682 2279 non
708 2219 851 2294 poterat,
893 2216 948 2277 sed
977 2230 1016 2277 ne
1046 2215 1174 2278 omnino
1211 2215 1314 2279 clades
1339 2215 1395 2280 illa
1426 2277 1428 2282 .

260 2319 396 2385 Variana
422 2329 549 2413 accepta
583 2330 668 2389 esset
696 2325 969 2388 vehementissime
1005 2339 1120 2402 cupere
1152 2326 1293 2388 debebat.
1343 2324 1396 2390 An

258 2432 516 2497 exclamationem
530 2434 615 2498 illam
635 2437 877 2500 condonabimus
892 2435 1011 2501 recenti
1031 2436 1071 2498 ob
1086 2434 1202 2498 cladem
1224 2431 1396 2500 Varianam

257 2540 348 2605 lraei
367 2540 458 2625 Quod
482 2561 521 2606 ne
542 2548 749 2610 concedamus
769 2547 955 2626 impedimur
973 2545 1032 2607 liae
1052 2560 1108 2628 re,
1140 2547 1221 2622 quod
1244 2547 1275 2609 in
1297 2546 1396 2610 bosti-

259 2653 316 2716 bus
330 2651 465 2717 Romani
484 2656 618 2719 nominis
634 2657 781 2721 virtutem
797 2661 917 2721 tantum
933 2657 1023 2720 abest
1037 2662 1072 2720 ut
1087 2653 1231 2747 Velleius
1253 2653 1395 2744 sileatl),

258 2767 295 2825 ut
315 2764 398 2828 ultro
421 2767 541 2829 ederat.
585 2765 672 2832 Nihil
694 2771 774 2834 enim
797 2769 1046 2845 magnificentius
1077 2771 1126 2829 est
1148 2766 1252 2843 elogio
1273 2765 1398 2832 Mithri·

260 2872 359 2952 datis,
382 2872 475 2938 Ponti
496 2873 635 2960 regni).
678 2876 791 2956 Neque
814 2878 853 2939 dc
871 2876 1069 2954 Marobodui,
1093 2878 1179 2953 regis
1199 2876 1397 2957 Marcoman-

260 2980 413 3067 norum³)
434 2988 490 3048 aut
511 2984 643 3050 Arminii
664 2983 803 3069 nostri⁴)
825 2988 950 3049 nomine
965 2962 1247 3049 illustri'detrabit.
1293 2987 1398 3067 Atque

260 3094 353 3157 etiam
383 3109 453 3157 cum
481 3092 633 3159 Romanis
665 3096 818 3160 assentari
848 3095 993 3175 videtur,
1033 3092 1261 3159 Germanorum
1289 3097 1398 3163 laudes

261 3204 459 3269 dissimulare
482 3219 583 3283 nemre
603 3207 703 3270 voluit
723 3221 825 3283 neque
847 3206 963 3283 potuit.

344 3311 442 3379 Paulo
474 3316 574 3393 magis
603 3332 622 3379 a
644 3318 758 3380 codicis
783 3314 889 3379 Murb.
920 3316 1054 3381 lectione
1081 3316 1198 3381 recedit
1219 3314 1400 3383 Doederllni
1475 3403 1478 3413 ,

252 3424 463 3506 'comenturm
494 3426 548 3504 put
571 3428 723 3505 probante
745 3425 862 3491 Haasio
889 3428 982 3491 scribi
1010 3428 1080 3493 vult
1110 3430 1283 3506 „gentis
1306 3431 1399 3505 ejus

261 3535 471 3601 Arminius
493 3552 568 3598 mox
589 3543 698 3601 nostra
718 3537 804 3601 clade
824 3537 977 3600 nobills“.
1000 3533 1035 3600 In
1050 3537 1099 3600 bis
1114 3540 1220 3603 verbis
1242 3539 1304 3602 duo
1325 3545 1400 3605 sunt

263 3662 343 3725 quae
364 3649 563 3727 displiceant,
589 3662 722 3725 quorum
743 3650 876 3711 alterum
898 3650 964 3725 est,
987 3650 1068 3725 quod
1089 3649 1192 3725 inepte
1215 3666 1401 3715 commemo·

260 3763 353 3820 ratur
380 3757 439 3820 boc
466 3758 534 3821 loco
558 3758 740 3838 Arminius,
771 3760 863 3835 euius
893 3760 1071 3837 ingenium,
1106 3773 1229 3867 mores,
1260 3761 1401 3825 condicio

261 3954 483 3969 w

332 4099 360 4164 1)
382 4099 421 4153 Gi.
437 4100 473 4166 ii,
491 4098 517 4167 8,
535 4098 568 4151 32
588 4099 682 4155 cimbri
706 4104 733 4152 ct
750 4100 860 4156 Teutoni
884 4100 1065 4155 transcendere
1089 4100 1206 4155 Rhenum
1235 4100 1321 4153 multia
1343 4114 1401 4155 mox

262 4185 361 4241 nostris
378 4187 485 4254 suisque
504 4184 618 4241 cladibus
635 4184 743 4240 nobiles.

330 4267 360 4334 a)
379 4267 472 4335 n‚1e.

257 4368 260 4375 ·
330 4352 360 4420 3)
381 4354 415 4420 tl,
432 4353 499 4423 108,
520 4353 579 4410 lue.

330 4438 360 4506 1)
380 4440 415 4504 ΙΙ,
435 4438 494 4493 118.
