3517 5350
849 513 1076 614 ΝΜ

848 747 889 830 u,
913 748 1022 833 4213
1044 749 1074 814 a.

480 921 522 1007 ΙΙ,
544 919 599 1000 42,
624 918 641 984 1
663 922 713 984 et.
735 934 784 1000 pr.
808 925 840 984 ei
859 921 1010 985 Amerir.:
1033 921 1162 1000 tongum
1178 929 1228 986 esi
1247 940 1390 1009 narrare,
1413 923 1535 1002 quidet

396 1036 540 1113 quotiens
566 1047 662 1096 ausus
681 1031 742 1110 sit,
777 1036 893 1110 quanio
924 1047 1018 1110 apere
1051 1036 1162 1096 cunata
1191 1021 1262 1110 ejus
1292 1029 1344 1112 qui
1373 1036 1537 1110 obtinebat

395 1145 503 1207 Asiam
525 1143 728 1218 magistratus
749 1143 855 1220 pepuli
876 1143 997 1206 romani
1019 1148 1105 1205 rnatu
1127 1158 1184 1207 suu
1208 1145 1387 1208 destituere.
1440 1197 1444 1204 .

482 1252 567 1316 Haec
585 1255 683 1315 verita
705 1251 817 1329 VeiieJi
851 1258 999 1331 corrupta
1021 1269 1092 1324 esse
1114 1266 1184 1314 eum
1205 1253 1297 1340 iaeiie
1320 1254 1535 1330 intelligerent

394 1379 502 1428 omnes
522 1363 585 1425 viri¹
604 1363 696 1442 teeti,
720 1364 773 1425 aiii
795 1364 857 1427 aiio
873 1365 963 1426 meto
981 1379 1017 1426 ea
1033 1364 1197 1426 ementare
1215 1365 1317 1428 eonati
1334 1371 1419 1428 suni.
1444 1363 1528 1430 Fue·-

394 1479 470 1539 runt
489 1455 542 1551 qui
557 1476 612 1535 aui
630 1472 951 1562 „restitueritis
974 1478 1009 1536 ut
1029 1473 1223 1558 Rhenanus,
1256 1479 1312 1538 aut
1330 1476 1534 1559 „etune-

395 1581 521 1649 irent“
535 1584 731 1646 scribentum
740 1588 917 1667 censerent,
934 1583 1222 1662 ineruntetiamqui
1233 1584 1531 1668 „abtinebanffl

395 1701 428 1760 et
450 1696 614 1773 praeterea
637 1691 806 1776 „metu“
824 1709 885 1772 pro
908 1683 1086 1777 „moiui‘
1107 1693 1257 1772 seriptum
1278 1699 1473 1779 statuerent,
1496 1700 1530 1758 ut

394 1801 534 1889 Lipsius,
545 1802 702 1868 .‘V0ssius.
726 1801 823 1880 itque
836 1803 954 1882 placuit
966 1804 1058 1866 eiiam
1074 1802 1277 1887 Ruhnkenm,
1295 1806 1346 1883 qui
1359 1810 1461 1874 tumen
1476 1807 1531 1869 aii-

395 1915 577 1994 quarreria
590 1915 702 1992 quibus
717 1915 789 1993 quit
802 1910 921 1979 Caesar
935 1927 1032 1977 ausus
1044 1920 1128 1977 esset
1138 1917 1366 1992 exprimeretur
1377 1916 1533 1981 excidisse

394 2025 584 2104 suspicatur.
629 2023 732 2100 Atque
762 2024 799 2085 te
823 2039 860 2087 ea
883 2038 918 2087 re
950 2038 1019 2088 eum
1041 2023 1232 2088 Ruhnkenio
1262 2028 1416 2089 consentit
1437 2027 1533 2090 etiarn

393 2134 561 2200 lirausius.
604 2132 675 2210 ipse
704 2137 807 2212 autem
838 2138 928 2212 putat
953 2137 1052 2198 verta
1081 2136 1181 2217 „quit
1211 2140 1243 2198 et
1265 2137 1531 2214 quotiens-ausus

294 2311 297 2316 ,
358 2239 367 2244 ”
394 2244 464 2308 sit“
484 2249 626 2323 spectare
655 2246 693 2307 at
714 2240 860 2308 Caesaris
888 2261 965 2327 ausa
986 2261 1028 2308 ex
1046 2245 1230 2323 ¹captivitate
1249 2246 1420 2322 piratarum
1440 2246 1532 2310 auiu-

355 2443 360 2454 ,
394 2356 499 2434 gienti
519 2354 573 2417 vei
594 2370 630 2418 se
652 2355 815 2418 liberanti.
839 2352 909 2433 ugo
931 2356 1012 2419 hane
1034 2370 1095 2420 uon
1118 2357 1217 2432 magis
1240 2357 1383 2435 ampiecti
1403 2372 1533 2444 possum

395 2467 579 2531 seutentiam
596 2476 687 2543 quam
704 2463 825 2550 Hutirii‚
849 2467 954 2544 quiin
979 2467 1100 2544 quaest.
1124 2465 1225 2530 eritis.
1248 2482 1280 2544 p.
1307 2464 1348 2530 19
1367 2467 1532 2544 longiusa

270 2572 285 2591 *
394 2575 508 2641 enticis
519 2576 894 2653 seriptumreceuentum
910 2581 941 2638 et
961 2589 1190 2658 „quamque
1211 2577 1256 2638 et
1273 2590 1349 2636 rem
1364 2611 1405 2621 -
1421 2571 1528 2636 mor'a

393 2704 464 2753 sua
485 2684 741 2760 destituere“
764 2702 821 2764 pro
842 2692 990 2765 quanio
1008 2702 1126 2765 opere
1141 2692 1199 2749 ete.
1216 2685 1391 2763 pauentum
1405 2684 1533 2760 iudica:

392 2800 451 2862 vit.
472 2796 616 2875 Denique
630 2794 771 2885 iiritzius
786 2813 821 2859 se
836 2796 918 2861 hune
932 2798 1034 2860 iocum
1044 2799 1111 2872 suia
1121 2788 1368 2874 interpunctione
1384 2798 1417 2883 et
1432 2796 1532 2858 inter-

392 2909 566 2987 pretatione
582 2908 778 2984 expetivisse
800 2906 940 2991 ananan,
962 2909 1140 2971 scribente:
1165 2908 1293 2985 longum
1320 2910 1370 2968 est
1388 2918 1532 2987 narrare,
1618 2986 1619 2993 ἵ

393 3018 465 3098 quit
482 3022 515 3081 et
528 3015 673 3096 quotiens
691 3024 786 3080 ausus
802 3017 854 3080 sit.
869 3016 1004 3106 >Quanto
1022 3034 1115 3097 opere
1134 3002 1244 3081 sonata
1260 3020 1330 3094 elus
1346 3018 1397 3095 qui
1413 3017 1534 3079 atrine-

396 3126 448 3191 bat
463 3127 570 3190 Asiam
581 3129 783 3203 magistratus
797 3128 902 3205 popuii
916 3125 1035 3191 runiani
1050 3134 1136 3191 metu
1159 3142 1217 3191 suo
1241 3126 1431 3209 destituerit,
1455 3126 1531 3189 iiiut
1618 3180 1619 3187 ,

393 3239 554 3301 referatur
583 3237 801 3300 documentum
832 3239 911 3301 tanti
939 3253 1015 3302 mox
1040 3237 1166 3301 evasuri
1198 3235 1299 3301 viri“:
1344 3233 1434 3318 Quae
1457 3252 1551 3325 cong

392 3335 518 3425 tectura
540 3348 707 3424 queminus
728 3349 818 3413 nobis
840 3352 1010 3431 probetur,
1034 3348 1094 3411 uno
1117 3349 1260 3430 obstant,
1281 3348 1427 3428 aiterum,
1449 3346 1529 3423 quot

393 3475 460 3522 vox
482 3474 608 3543 „ausus
626 3455 694 3519 sit“
709 3460 863 3522 intinitivu
879 3474 921 3521 ex
940 3476 974 3523 se
989 3458 1134 3538 penitenti
1151 3462 1250 3540 naret,
1273 3470 1366 3535 quem
1385 3452 1527 3533 loquenti

393 3568 586 3634 eonsueiutn
602 3568 774 3646 vpostulare
803 3570 947 3653 vitetur,
980 3572 1132 3652 alierum,
1152 3556 1253 3649 'quot
1280 3566 1377 3630 verba
1408 3567 1526 3647 „uocu-

393 3686 533 3744 mentum
547 3716 588 3727 -
604 3678 693 3741 viri“
716 3680 807 3770 piane
828 3671 1172 3761 supervacanea‘s'unt
1196 3679 1340 3758 quoniam
1364 3676 1440 3739 satis
1463 3674 1527 3737 erat

393 3792 530 3853 dixisse:
564 3793 680 3867 quanio
709 3805 804 3867 opere
826 3796 937 3854 runata
965 3794 1035 3869 ejus
1049 3828 1099 3865 ¹-
1123 3772 1316 3873 tes'tituerit,
1350 3784 1426 3848 iiiut
1448 3784 1527 3848 reie-

393 3906 495 3965 raiur.
538 3898 650 3977 Neque
672 3916 750 3963 vero
779 3905 901 3995 tantum
931 3904 968 3965 te
990 3904 1123 3981 singuiis
1144 3900 1272 3980 vertis,
1298 3897 1472 3959 sedetiam
1493 3895 1529 3955 te

394 4012 538 4088 sunjeeto
554 4010 651 4073 tutius
668 4012 824 4073 enuntiati
841 4026 960 4088 magna¹
972 4016 1021 4077 est
1031 3990 1174 4077 utrorum
1185 4005 1526 4073 tortorumtissensiu.

393 4120 457 4184 Atii
471 4122 553 4184 enim
569 4115 715 4184 Caesaris
727 4125 843 4184 nauata
856 4138 874 4183 a
889 4123 1075 4200 magistratu
1086 4123 1138 4185 vel
1150 4138 1167 4183 n
1180 4118 1413 4194 magistratibus
1424 4114 1530 4179 Asiam

262 4241 274 4262 ·
394 4232 606 4296 obtinentibus
620 4231 766 4294 testituia
782 4232 951 4310 significari
964 4236 1087 4316 putant,
1108 4232 1159 4295 alii
1174 4230 1212 4292 iis
1230 4242 1310 4305 quae
1324 4229 1467 4307 proxime
1483 4242 1530 4288 se-

394 4342 669 4421 quunturatturti
683 4340 833 4404 destituta
854 4357 958 4406 essee
977 4339 1113 4407 Caesare
1135 4339 1185 4403 vel
1206 4342 1399 4413 metusne
1422 4350 1528 4413 quem

394 4454 485 4530 ipse
513 4452 733 4534 injiceret,
765 4452 817 4515 vei
838 4452 949 4518 mutu
975 4456 1107 4538 suaet
1133 4451 1316 4530 impulsu
1334 4449 1446 4511 renata
1467 4460 1529 4509 rna·
