3517 5350
907 497 949 564 12

358 686 541 752 tendendam
563 686 637 748 dicit
660 681 832 765 Spartanos
853 687 976 750 virilem
996 686 1132 750 animum
1153 701 1191 749 ac
1212 657 1426 787 tortitudinem
1442 701 1499 750 ex·

357 797 492 860 coluisse
521 809 623 874 neque
652 791 941 874 quidquam'magls
967 797 1084 861 vitasse
1105 811 1198 874 uuam
1220 811 1260 860 ue
1282 795 1499 862 attaminaren-

356 912 428 990 tur3
456 911 489 970 et
509 906 649 984 proiecto
677 907 867 985 disciplinam
888 904 1031 984 Lycurgi
1059 906 1139 970 virls
1173 922 1219 970 sc.
1244 902 1500 972 Lacedaemoniis
1631 977 1633 998 Ι

356 1018 493 1079 maxime
515 1017 614 1080 unisse
633 1017 776 1080 idoneam
798 1017 875 1080 satis
894 1019 1030 1080 testatur
1050 1017 1192 1080 historia.
1237 1013 1288 1080 An
1303 1031 1380 1080 vero
1392 1016 1500 1080 eadem

285 1143 293 1152 ·
357 1127 518 1204 disciplina
536 1124 782 1190 Atheniensibus
809 1133 879 1206 apta
909 1142 978 1191 esse
997 1127 1121 1206 potuit?
1151 1123 1249 1190 Immo
1263 1127 1341 1190 viris
1363 1143 1382 1189 a
1402 1123 1499 1190 Lace·

356 1236 526 1300 daemoniis
554 1240 666 1300 natura
687 1241 718 1299 et
739 1237 865 1322 indole,
897 1238 1036 1302 moribus
1059 1251 1095 1299 ac
1118 1237 1228 1300 studiis
1249 1236 1341 1315 plane
1364 1227 1499 1301 diversis

354 1347 408 1410 illa
430 1345 591 1424 disciplina
620 1346 724 1411 minus
754 1347 962 1431 conveniens,
989 1361 1029 1410 nc
1051 1347 1150 1410 dicam
1179 1349 1283 1425 mepta
1313 1362 1383 1410 esse
1405 1347 1498 1420 deber

352 1459 418 1520 bat.
463 1454 583 1520 Deinde
604 1454 747 1534 Lycurgi
759 1457 856 1535 leges
878 1474 941 1521 non
962 1455 1055 1520 modo
1078 1458 1116 1519 ad
1136 1457 1244 1541 viros,
1267 1459 1323 1520 sed
1345 1457 1498 1521 etiamad

352 1567 499 1630 mulieres
514 1571 674 1645 spectasse
688 1565 874 1632 Plutarchus
897 1569 965 1631 vit.'
976 1565 1058 1646 Lyc.
1081 1584 1108 1630 e.
1134 1563 1176 1630 ld
1190 1582 1258 1644 squ.
1283 1569 1374 1636 nobis
1389 1566 1495 1634 tradit.

352 1673 463 1756 Itaque
489 1692 579 1754 quam
610 1693 673 1745 non
702 1679 744 1741 slt
772 1682 877 1758 aptum
906 1677 980 1740 illud
1004 1674 1137 1756 „uirls“
1163 1675 1272 1742 videre
1293 1678 1377 1741 licet.
1425 1673 1496 1742 Gir·

353 1788 582 1866 cumspieienda
602 1787 700 1864 igitur
720 1793 769 1851 est
789 1787 850 1851 alia
872 1786 1056 1852 emendandi
1077 1788 1169 1852 ratio.
1214 1786 1262 1852 Ae
1283 1789 1356 1853 mihi
1373 1787 1497 1867 umbem

351 1897 525 1960 mutatione
546 1913 566 1964 a
586 1898 699 1962 codicis
720 1899 874 1976 scriptura
897 1913 961 1961 non
984 1897 1076 1962 nimis
1091 1899 1247 1963 recedenti
1260 1899 1349 1962 iocus
1370 1899 1497 1970 restitui

351 2022 451 2086 posse·
473 2007 618 2094 'videtum
654 2009 682 2072 si
710 2024 767 2086 pro
796 2003 913 2072 VIRIS
942 2007 1097 2072 scribatur
1124 2005 1230 2074 SVIS.
1275 2007 1366 2092 Quod
1396 2009 1424 2072 si
1446 2010 1495 2093 ut,

352 2118 506 2184 sententia
522 2118 643 2184 eruitur
657 2118 755 2181 haec:
779 2117 968 2194 disciplinam
979 2115 1121 2196 Lycurgi
1136 2135 1199 2183 non
1211 2124 1332 2196 tantum
1346 2120 1383 2181 ad
1394 2105 1494 2201 viros,

351 2228 405 2291 sed
436 2229 474 2290 ad
503 2242 611 2291 omnes
639 2228 724 2291 cives
749 2213 939 2307 pertinuisse
963 2231 995 2290 et
1014 2225 1269 2294 Lacedaemoniis
1298 2229 1398 2292 luisse
1420 2243 1494 2292 con-

350 2318 639 2402 venientissimam.=
676 2333 753 2402 Inde
779 2341 865 2418 patet
893 2335 1078 2416 Lycurgum
1104 2356 1123 2402 a
1150 2339 1274 2417 Velleio
1301 2339 1424 2402 laudari
1452 2339 1493 2402 ob

289 2451 292 2458 '
350 2449 539 2525 singularem
561 2449 776 2533 prudentiam,
805 2463 867 2526 qna
887 2449 976 2525 leges
998 2456 1129 2514 naturae
1158 2455 1253 2528 atque
1282 2449 1408 2526 ingenio
1430 2446 1493 2512 La·

240 2611 266 2635 „
350 2559 622 2623 ccdaemonlorum
643 2558 934 2622 accommodaverit.

806 2756 972 2765 ...o-“anon
975 2758 984 2762 -
988 2756 1026 2763 0--

834 2942 862 3027 r,
886 2942 939 3024 12,
963 2946 1000 3035 2.¹

431 3112 460 3197 1,
484 3112 536 3192 12,
559 3113 581 3177 2
604 3110 716 3179 Burer.
741 3119 773 3177 et
796 3118 854 3179 sub
876 3116 1111 3205 idemtempus‚
1131 3113 1240 3192 magis
1255 3114 1491 3195 puiayolebant

346 3223 482 3287 Romani
503 3224 645 3301 quicquid
666 3227 703 3288 de
729 3220 1040 3304 Carthaginiensibus
1063 3223 1219 3288 diceretur
1247 3222 1375 3287 credere
1397 3238 1490 3303 quam

346 3334 418 3411 quia
443 3333 594 3397 credenda
617 3336 847 3420 adferebantur,
877 3336 987 3397 statuit
1007 3340 1137 3409 senatus
1160 3330 1381 3411 Carthaginem
1403 3335 1489 3398 exct-

346 3445 432 3510 dere.
477 3441 535 3508 Ed.
560 3458 607 3522 pr.
632 3449 665 3507 et
685 3444 815 3510 Amcrb.
839 3446 1066 3519 dicebatur.

431 3553 481 3619 Ad
510 3558 605 3626 verba
635 3546 807 3641 „quicquid
827 3592 868 3602 -
893 3552 1085 3639 diceretur‘l
1105 3549 1258 3617 Burerlus
1286 3553 1363 3615 haec
1393 3554 1487 3617 adno-

345 3667 443 3730 tavit:
469 3660 630 3745 exemplar
644 3671 801 3731 vetustum
820 3667 917 3731 habet
938 3660 1171 3750 „diceretur“;
1196 3662 1242 3725 ba
1264 3662 1302 3724 ab
1324 3661 1386 3727 alio
1409 3678 1486 3741 qno·

344 3778 426 3855 piam
461 3777 598 3839 additum
635 3778 779 3859 videtur,
820 3793 891 3842 nam
921 3792 984 3839 non
1013 3778 1062 3839 est
1098 3772 1337 3851 chirographum
1369 3773 1487 3837 veteris

345 3885 543 3963 exemplaris.
581 3883 783 3950 Indicativum
807 3885 1024 3969 „dicebatur“
1054 3898 1146 3962 quem
1168 3885 1205 3946 ed
1229 3896 1276 3961 pr.
1302 3884 1334 3943 et
1354 3879 1486 3947 Amerb.

345 3997 494 4059 exhibent
520 3996 611 4057 unice
643 4010 752 4060 verum
783 4010 853 4061 esse
884 3998 1099 4060 demonstrare
1133 3994 1253 4057 studuit
1279 3988 1424 4055 Iilotzlus
1443 3993 1487 4057 *ln

340 4084 445 4173 *Novis
477 4084 604 4171 Annali.
643 4102 721 4170 Phil.
758 4112 791 4170 et
818 4102 917 4171 Paed.
956 4104 1029 4171 Vol.
1061 4100 1156 4169 XVII
1190 4102 1269 4165 iaso.
1298 4099 1320 4165 6
1345 4118 1376 4180 p.
1408 4098 1486 4185 198,

344 4220 436 4295 orpus
459 4218 705 4283 emendationem
719 4214 860 4310 liniizlus
883 4218 914 4281 in
929 4216 1096 4279 editionem
1109 4228 1199 4280 suam
1213 4212 1342 4291 recepit.
1365 4209 1486 4277 Nescio

343 4346 384 4393 an
406 4328 539 4408 aliquam
563 4331 798 4393 excusationem
820 4328 936 4391 habeat
959 4324 1201 4403 conjunctivus,
1234 4338 1325 4401 quem
1347 4322 1484 4389 Haustus

343 4442 475 4524 probat,
498 4440 525 4503 si
547 4441 659 4520 statuis
674 4438 833 4504 Romanos
855 4440 915 4503 sibi
938 4439 1138 4518 proposuisse
1161 4426 1305 4514 obloqui
1327 4432 1484 4498 diceretur
