3517 5350
780 506 821 572 31

235 663 428 766 arcusvetut
443 711 596 766 ,coronam
612 697 690 759 tanti
705 711 782 760 rnox
800 695 863 759 viri
885 694 977 773 capiti
1000 695 1161 772 irnpoucns
1182 703 1369 774 conspectus

235 816 294 876 esi.
317 809 365 874 lta
377 810 428 870 hic
443 808 532 870 locus
547 807 643 882 vulgo
658 807 808 870 scribitur
821 818 923 884 neque
937 804 1002 868 uita
1017 804 1107 867 estin
1123 805 1227 868 codice
1239 805 1369 868 Amori).

209 927 268 1005 ‘ct
289 907 340 984 ed.
362 935 411 998 pr.
435 934 514 997 quae
535 918 658 996 quidem
688 917 821 994 alicuius
843 915 990 996 momenti
1011 915 1053 976 sit
1072 915 1230 993 varietas,
1261 915 1315 978 scd
1337 915 1370 979 in

219 1017 341 1109 ,veritis
382 1029 512 1108 „solis
548 1029 663 1092 orbis
691 1061 734 1075 -
763 1028 794 1090 in
829 1026 1014 1089 colorent
1054 1028 1214 1088 arcus“
1256 1026 1394 1104 aliquid

234 1141 306 1204 vitii
332 1140 436 1202 inesse
462 1137 554 1200 facile
583 1140 722 1215 apparet.
772 1135 885 1215 Neque
919 1141 1023 1198 nmen,
1051 1135 1180 1198 otiando
1201 1136 1234 1198 in
1263 1137 1370 1200 vertis

236 1252 340 1314 solis
369 1238 499 1327 ortis,
531 1262 587 1325 pro
610 1248 723 1326 quibus
745 1245 880 1310 Haasius
901 1263 979 1310 voce
1006 1248 1144 1310 urbem
1171 1244 1272 1307 deleta
1293 1245 1394 1309 scri·v

237 1362 368 1424 tenum
385 1374 456 1422 esse
473 1359 609 1434 coniecit
628 1358 739 1422 circa
759 1358 895 1420 orbern
911 1357 1015 1419 solis
1036 1357 1163 1420 ortis.
1186 1353 1273 1418 Haec
1288 1357 1370 1419 enirn

236 1471 333 1533 verta
353 1483 424 1530 curn
443 1465 566 1530 iiritzio
586 1482 662 1530 sana
684 1483 755 1531 csse
777 1467 944 1546 contendo,
969 1467 1111 1545 quamvis
1132 1466 1216 1528 iilam
1235 1469 1373 1529 structua

235 1595 323 1657 ram,
353 1594 395 1640 ex
418 1593 479 1656 qua
499 1578 602 1640 sciis
624 1578 709 1640 orbis
729 1578 771 1640 sit
792 1578 908 1641 orbis
929 1578 998 1638 sive
1018 1557 1372 1640 circulus'circum

236 1689 356 1766 solem,
380 1687 483 1749 minus
505 1702 575 1750 esse
597 1670 743 1749 usitatam
764 1687 915 1764 lubenter
936 1688 1111 1749 concedam.
1157 1681 1306 1750 Mendun'r
1327 1686 1372 1750 la·

236 1805 306 1871 tore
328 1798 399 1860 mihi
421 1799 543 1860 videtur
564 1798 594 1858 in
617 1777 770 1864 vocabulo
792 1797 1143 1875 rotundatusquc,
1166 1797 1248 1874 quod
1271 1800 1373 1874 aptam

127 1948 128 1951 =
238 1923 302 1972 non
322 1908 654 1986 praedat-sententiam
674 1895 732 1970 uec
753 1907 781 1970 si
803 1908 840 1969 ad
864 1909 959 1970 verta
981 1921 1061 1984 quae
1082 1906 1270 2000 antecedunt
1289 1907 1372 1969 reio·

238 2033 310 2096 ras,
340 2033 407 2080 nec.
427 2015 456 2077 si
477 2030 547 2078 curn
568 2016 608 2080 tis
632 2031 712 2094 quae
735 2019 839 2080 statim
861 2022 1036 2096 sequuntur
1057 2019 1243 2093 coniungas.
1290 2014 1374 2098 Quid

236 2128 361 2191 tandem
371 2127 542 2209 significari
553 2127 656 2190 verbis
668 2130 943 2206 ,potandatusqoc
954 2130 985 2192 in
997 2129 1134 2192 colorent
1147 2127 1266 2191 arcus“
1282 2129 1373 2203 puta-

235 2238 362 2300 nimus?
382 2234 547 2314 Numquis
563 2251 699 2314 unquam
716 2239 1022 2301 dixitrotundari
1038 2240 1077 2301 in
1094 2238 1274 2300 colorent
1292 2239 1373 2300 rei?
1497 2273 1500 2279 ·

127 2362 128 2439 ἐ
236 2342 381 2407 Fuerunt
401 2360 478 2407 sanc
500 2349 551 2423 qui
572 2348 605 2410 in
626 2347 675 2410 his
696 2347 803 2411 vertis
823 2327 989 2410 haererent
1005 2351 1037 2410 et
1052 2347 1251 2430 difficultates
1271 2361 1374 2408 remo-

238 2468 316 2517 vere
339 2452 521 2533 studerent,
555 2453 693 2534 quorum
719 2458 801 2520 atius
820 2457 902 2520 atiud
924 2458 1058 2520 tentavit
1081 2471 1181 2534 neque
1203 2455 1234 2518 id
1256 2455 1287 2518 in
1312 2471 1373 2535 quo
1503 2469 1506 2476 ·
1593 2471 1597 2480 ·

236 2564 331 2626 cardo
352 2565 399 2626 rei
421 2565 665 2630 vertituruidit.
706 2567 758 2630 Ac
777 2566 983 2647 Kreyssigius
1005 2568 1126 2644 quidem
1149 2566 1285 2641 conjecit
1306 2581 1374 2628 ro·

127 2747 128 2764 ¹
237 2671 519 2752 tundatusque
548 2677 586 2739 in
615 2679 1002 2745 coloreumarcnm.
1054 2674 1115 2743 Sed
1152 2692 1221 2739 cum
1251 2669 1375 2741 constet

127 2827 128 2836 a
238 2782 387 2847 hocloco
411 2785 449 2848 de
471 2800 546 2851 arcu
568 2788 696 2852 coelesti
718 2790 770 2866 agi
784 2788 1088 2869 quidintersitinter
1106 2788 1145 2889 in
1168 2787 1375 2851 colorcum

127 2921 128 2968 3
238 2908 375 2955 arcum
403 2898 435 2955 ct
460 2896 544 2970 inter
571 2897 611 2959 in
649 2900 830 2962 colorem
863 2914 989 2961 arcus
1026 2898 1202 2973 intelligere
1237 2911 1372 2975 nequeo.

126 2999 128 3002 ⁴
240 3001 378 3069 Orellius
405 3018 482 3066 vero
511 3006 740 3082 praepositione
773 3006 812 3067 in
843 3006 944 3068 deleta
968 3005 1091 3081 singula
1113 3006 1208 3068 veria
1230 3006 1277 3068 sic
1300 3023 1373 3071 con·
1475 2985 1483 3001 ’

127 3133 129 3196 3
240 3112 352 3177 struit:
383 3114 467 3178 ordis
496 3114 574 3176 solis
594 3148 636 3161 -
656 3119 840 3193 conspectus
870 3120 920 3178 cst
941 3115 1103 3192 imponens
1125 3115 1262 3205 colorem
1283 3132 1376 3193 arcus

216 3225 413 3303 capnion.
438 3221 526 3307 Quae
549 3226 628 3288 ratio
657 3231 874 3304 praeterquam
898 3226 979 3303 quod
1002 3206 1090 3289 vaide
1112 3226 1190 3288 dura
1212 3231 1262 3289 est
1282 3228 1375 3292 etiarn
1483 3250 1484 3255 ¹

127 3329 129 3354 '
238 3340 401 3413 propteroa
422 3334 591 3411 rejicienda
613 3338 680 3415 est,
712 3337 793 3413 quod
816 3333 952 3401 Oreliius
979 3336 1012 3398 in
1034 3338 1130 3399 verda
1152 3332 1374 3413 VctleJi'intu-

127 3415 129 3486 ῗ
180 3502 184 3508 .
227 3427 863 3524 ·1n,·quodnuuomododnnsnes't.
910 3432 1049 3509 utrorum
1071 3446 1271 3522 conjecturas
1294 3463 1373 3526 quae
1483 3504 1489 3513 ,

236 3557 349 3635 partim
383 3556 567 3619 audaciores
597 3561 672 3620 sunt
706 3561 883 3633 praetereo.
939 3553 1018 3619 Mtni
1038 3536 1218 3631 'legendnm
1251 3558 1375 3623 videtur

236 3661 542 3747 RADIATVSQVE
559 3665 595 3749 ‚in
616 3666 753 3730 colorem
773 3670 889 3757 arcus.¹
922 3664 980 3728 Est
999 3669 1103 3729 autem
1122 3662 1314 3731 radicitus
1333 3668 1374 3732 in

239 3777 419 3839 colorem
447 3790 566 3839 arcus
595 3777 675 3839 idem
705 3752 787 3855 quod
816 3777 915 3854 virgis
946 3776 1062 3839 diversi
1091 3776 1206 3840 coloris
1235 3777 1373 3860 litigans,

239 3884 347 3964 quates
371 3884 402 3946 in
425 3897 500 3955 arcu
522 3885 650 3949 coelesti
669 3878 764 3963 iuxta
785 3903 821 3950 sc
843 3887 1086 3964 conspiciuntur.
1131 3884 1242 3951 Totins
1269 3893 1374 3951 autem

236 3996 298 4067 ioci
318 3994 503 4066 sententiam
523 3995 659 4059 illustrat
681 3992 800 4061 Seneca
819 3996 863 4062 N.
888 3994 929 4089 Q
956 3996 986 4077 1,
1010 3996 1049 4079 22
1080 3999 1248 4061 meritoriae
1269 3998 1373 4075 prodi·

145 4100 150 4107 '
236 4111 303 4170 tum
325 4110 394 4182 cst,
418 4119 479 4182 qno
501 4104 549 4167 die
570 4107 659 4169 divus
680 4106 844 4197 Augustus
864 4108 994 4186 'urdcm‚
1017 4124 1060 4170 ex
1080 4107 1245 4184 Apollonia
1266 4122 1374 4172 revor-

127 4273 128 4280 ,
237 4232 310 4292 sus,
340 4214 494 4297 intravit„
524 4216 634 4280 circa
666 4218 790 4281 sotem
813 4219 945 4294 visum
979 4219 1136 4281 coloris
1156 4218 1268 4280 varii
1289 4220 1371 4284 cir·

127 4305 129 4382 Ῐ
238 4327 389 4403 ouium,
420 4320 675 4403 qualiscsse
702 4330 740 4391 in
770 4344 867 4393 arcu
898 4328 990 4392 solet.
1013 4326 1218 4421 lienique-ct
1244 4324 1309 4393 Cic.
1333 4330 1371 4391 dc
1465 4330 1468 4337 '

238 4438 297 4502 dir.
323 4436 354 4517 1,
377 4436 432 4515 22,
457 4433 489 4512 1,
521 4438 572 4499 udi
602 4436 717 4503 Accius
746 4440 842 4503 dicits
869 4441 972 4503 visunt
1002 4443 1051 4503 est
1073 4438 1110 4502 in
1137 4440 1254 4529 sornnis
1273 4472 1316 4485 -
1338 4437 1371 4502 in
