3517 5350
609 847 614 853 ,
711 767 756 854 11,
776 767 834 854 20,
856 769 888 875 ⁵]-
1032 849 1037 862 .

316 939 361 1027 ll,
375 938 432 1026 od,
447 939 466 1005 5
479 939 526 1003 ed.
538 953 587 1017 pr.
598 944 679 1017 opus
691 940 907 1017 eratparttbus
917 937 1122 1024 auctoritate3
1141 943 1319 1020 gratiacus
1331 955 1373 1006 us

230 1053 394 1131 augendae
418 1046 454 1114 C.
481 1042 629 1114 blarium¹
648 1034 719 1113 cum
751 1050 815 1112 blio
844 1051 883 1112 de
910 1049 1005 1113 exitio
1033 1054 1206 1136 revocavit.
1237 1031 1378 1116 nmero.
1419 1067 1422 1074 ’
1460 1043 1463 1049 ’

231 1166 286 1243 qui
309 1162 423 1226 nullam
445 1161 839 1238 babettnterpuncuonem
862 1160 942 1223 talso
965 1160 1089 1264 scpipstt
1113 1141 1309 1239 augenda.

316 1268 437 1334 Falsam
470 1270 519 1333 ed.
543 1285 593 1348 pr.
626 1271 908 1362 interpunctionem
938 1269 1147 1336 Ruhnkenius
1175 1272 1295 1350 primus
1324 1272 1368 1336 lta

231 1383 382 1464 correxit,
405 1383 441 1442 ut
459 1381 650 1459 partibus
673 1382 767 1444 tertio
782 1395 858 1443 casu
872 1381 914 1442 sit
933 1379 1176 1458 intelligendum.
1199 1379 1266 1446 Pro*
1279 1383 1370 1457 geni-

231 1495 305 1556 tivis
327 1493 448 1575 „ciuus
476 1487 664 1566 augendaet‘
685 1506 750 1555 non
772 1491 878 1554 dubito
901 1489 974 1567 puin
998 1491 1097 1573 „cui
1119 1489 1370 1568 augendae‘⁴

139 1666 140 1672 ,
230 1604 435 1682 impugnante
454 1596 576 1664 liritzio
599 1600 795 1664 scribendum
817 1600 875 1677 stt,
918 1596 1002 1676 qued
1024 1613 1106 1662 nunc
1136 1599 1229 1664 etiam
1251 1599 1368 1664 Haasio

221 1713 393 1791 probatur.
436 1709 479 1775 Et
500 1717 588 1774 recte
608 1708 744 1788 quidem.
789 1708 872 1773 Nam
902 1708 1043 1787 exempta
1067 1724 1146 1786 quae
1168 1707 1317 1774 licitatus.
1331 1712 1370 1774 ad
1432 1696 1435 1700 ’

229 1821 390 1898 vulgatam
417 1805 585 1897 >lectionem
613 1821 840 1883 defendendam
867 1813 991 1897 attulit,
1026 1811 1101 1882 nibil
1123 1821 1275 1904 probant,
1298 1821 1370 1900 quia
1452 1841 1459 1846 ·

230 1932 264 1995 in
276 1932 315 1994 tls
327 1931 491 2007 gerundivi
509 1917 739 2007 genitivus‘aut
755 1947 797 1993 ex
813 1927 1130 2010 substantivojalipuc
1145 1933 1199 1993 aut
1219 1945 1258 1994 ex
1274 1934 1370 1995 verbo

232 2057 324 2104 esse
351 2042 473 2120 pendet.
519 2035 571 2103 dr.
595 2036 672 2104 Sall.
702 2044 785 2105 orat.
805 2036 887 2103 Phil.
907 2039 929 2106 2
951 2041 1121 2104 exercitum
1149 2040 1371 2119 opprimundae

230 2151 386 2214 libertatis
408 2151 521 2233 babet,
543 2148 582 2215 b:
613 2167 684 2214 cum
705 2151 825 2240 privata
856 2165 944 2213 arma
966 2151 1187 2229 opprimundae
1217 2151 1370 2216 libertatis

160 2311 164 2318 .
230 2261 386 2343 cepisset,
417 2261 468 2322 ubi
489 2260 618 2335 genitivi
648 2275 692 2322 ex
713 2259 919 2346 substantivis
947 2261 1116 2338 pendentes
1137 2275 1212 2324 vere
1233 2276 1291 2340 pro
1315 2275 1370 2338 ge·

139 2394 140 2437 r
230 2369 341 2431 nitivis
362 2368 519 2445 qualitatis
540 2369 674 2431 habendi
694 2373 781 2431 sunt.
807 2366 944 2432 Verbum
967 2368 1093 2453 „csse‘i
1114 2385 1184 2433 eunt
1201 2370 1370 2456 gerundivi

232 2477 371 2552 genitivo
387 2479 536 2567 junctum
558 2495 622 2542 non
643 2477 734 2541 modo
757 2477 836 2556 apud
859 2473 1063 2561 Sallustium,
1095 2480 1148 2541 sed
1175 2479 1268 2542 etiarn
1291 2482 1370 2558 apud
1474 2540 1478 2548 .

232 2581 417 2649 Ciceronem
440 2588 526 2650 bisce
542 2589 699 2666 reperitur
717 2587 815 2650 locis:
840 2581 917 2652 Sall.
942 2583 1013 2652 Cat.
1031 2585 1053 2652 6
1074 2589 1195 2665 regium
1208 2589 1370 2667 imperium

230 2696 320 2758 initio
342 2701 574 2767 conservandae
603 2684 756 2761 libertatis
779 2703 873 2785 atque
896 2701 1058 2776 augendae
1086 2700 1273 2777 reipublicae
1302 2702 1371 2765 bre·

139 2877 140 2880 Ἴ
233 2810 294 2868 rat.
312 2804 367 2891 46,
391 2806 421 2870 3.
440 2807 512 2873 Liv.
536 2795 632 2891 5,'3;
663 2802 733 2871 Cic.
754 2810 787 2871 ln
810 2804 904 2872 Verr.
923 2810 965 2893 ΙΙ,
988 2807 1043 2893 53,
1068 2807 1140 2873 132.
1164 2807 1217 2875 Gi.
1241 2810 1367 2891 Zumpt.
1434 2858 1436 2861 -

234 2929 365 2990 gramm.
388 2916 417 2992 §2.
442 2914 519 2981 662.
542 2916 725 2983 Weissenb.
743 2917 779 2999 ,§.
805 2915 868 2981 327
890 2916 930 2981 Α.
955 2916 987 2981 3.
1010 2917 1148 2995 Madvig.
1173 2936 1223 2997 gr.
1253 2920 1281 3001 ξ.
1308 2921 1371 2985 417

235 3026 306 3087 adn.
331 3025 365 3105 t,
388 3022 420 3089 5.
442 3024 555 3103 Neque
569 3040 645 3089 vero
661 3025 810 3087 credibile
824 3031 875 3088 est
890 3023 1060 3109 vellelum,
1080 3011 1177 3103 [cutus
1197 3020 1372 3119 inscriptis

172 3126 178 3140 '
236 3149 300 3198 non
335 3134 396 3198 alia
425 3137 495 3212 ejus
524 3135 573 3198 rei
598 3134 735 3210 vestigia
771 3134 990 3219 reperiuntur,
1026 3132 1169 3214 posuisse
1200 3140 1371 3216 genitivum

235 3240 427 3308 Graecorum
449 3261 555 3324 more,
589 3260 682 3323 quern
704 3243 847 3328 Tacitunp
870 3250 1013 3310 secutum
1036 3262 1105 3310 esse
1122 3250 1294 3313 inauresto
1318 3267 1371 3330 ap·

234 3359 323 3441 paret
350 3355 433 3418 Ann.
458 3352 509 3441 ll,
537 3352 597 3419 59:
635 3352 841 3419 Germanicus
877 3356 909 3418 in
946 3354 1127 3435 Aegyptum
1163 3340 1371 3438 proficiscitur
1477 3394 1481 3403 ·

139 3477 140 3480 ¹
234 3464 469 3540 cognoscendae
490 3450 693 3543 ant-iquitatis.

687 3662 914 3672 ...κ-

619 3846 771 3925 vertar.
792 3846 837 3931 u,
859 3830 916 3933 23,
940 3844 973 3911 c.
1074 3814 1083 3841 ⁸

320 4008 434 4090 Vellet.
458 4012 502 4101 11,
525 4014 623 4102 aad
645 4020 694 4083 cd.
720 4033 770 4097 pr.
794 4024 826 4082 et
847 4020 995 4081 Amerb.=
1020 4023 1239 4097 transgressus
1263 4020 1372 4084 deinde

236 4119 268 4182 in
288 4118 397 4212 ¹Asiam
420 4120 508 4189 Sulla
532 4132 746 4207 parentem
786 4134 881 4192 ante
918 4132 1020 4193 omnia
1050 4132 1282 4209 supplicemque
1312 4129 1373 4195 Mi·

236 4230 400 4296 tbridatem
423 4235 552 4302 invenit.
1172 4226 1175 4233 ¹
1335 4306 1338 4311 .
1477 4224 1480 4232 ¹

280 4358 282 4362 ·
319 4338 356 4407 ln
384 4347 490 4410 verbis
522 4351 768 4432 „parentem
799 4347 1098 4413 ante'omnia“
1129 4350 1202 4426 quin
1232 4350 1375 4413 mendum
1497 4342 1502 4351 '

236 4450 332 4517 lateat
354 4456 481 4521 minime
501 4458 575 4521 mibi
597 4458 723 4524 videtur
749 4459 882 4524 dubitant
901 4475 1005 4539 posse.
1052 4457 1142 4542 Quod
1163 4457 1374 4611 {tubnkentus

538 4554 543 4564 ·
793 4578 801 4589 .
1189 4559 1204 4591 ι
